%% This BibTeX bibliography file was created using BibDesk.
%% https://bibdesk.sourceforge.io/

%% Created for Brian Elinsky at 2022-03-05 10:26:42 -0600 


%% Saved with string encoding Unicode (UTF-8) 



@inproceedings{lime2016,
	author = {Ribeiro, Marco Tulio and Singh, Sameer and Guestrin, Carlos},
	booktitle = {Proceedings of the 22nd {ACM} {SIGKDD} International Conference on Knowledge Discovery and Data Mining, San Francisco, CA, USA, August 13-17, 2016},
	date-added = {2022-03-05 10:26:41 -0600},
	date-modified = {2022-03-05 10:26:41 -0600},
	pages = {1135--1144},
	title = {"Why Should {I} Trust You?": Explaining the Predictions of Any Classifier},
	year = {2016}}

@inproceedings{feng-etal-2021-survey,
	address = {Online},
	author = {Feng, Steven Y. and Gangal, Varun and Wei, Jason and Chandar, Sarath and Vosoughi, Soroush and Mitamura, Teruko and Hovy, Eduard},
	booktitle = {Findings of the Association for Computational Linguistics: ACL-IJCNLP 2021},
	date-added = {2022-03-05 10:13:24 -0600},
	date-modified = {2022-03-05 10:13:24 -0600},
	doi = {10.18653/v1/2021.findings-acl.84},
	month = aug,
	pages = {968--988},
	publisher = {Association for Computational Linguistics},
	title = {A Survey of Data Augmentation Approaches for {NLP}},
	url = {https://aclanthology.org/2021.findings-acl.84},
	year = {2021},
	bdsk-url-1 = {https://aclanthology.org/2021.findings-acl.84},
	bdsk-url-2 = {https://doi.org/10.18653/v1/2021.findings-acl.84}}

@inproceedings{howard-ruder-2018-universal,
	address = {Melbourne, Australia},
	author = {Howard, Jeremy and Ruder, Sebastian},
	booktitle = {Proceedings of the 56th Annual Meeting of the Association for Computational Linguistics (Volume 1: Long Papers)},
	date-added = {2022-03-05 10:06:06 -0600},
	date-modified = {2022-03-05 10:06:06 -0600},
	doi = {10.18653/v1/P18-1031},
	month = jul,
	pages = {328--339},
	publisher = {Association for Computational Linguistics},
	title = {Universal Language Model Fine-tuning for Text Classification},
	url = {https://aclanthology.org/P18-1031},
	year = {2018},
	abstract = {Inductive transfer learning has greatly impacted computer vision, but existing approaches in NLP still require task-specific modifications and training from scratch. We propose Universal Language Model Fine-tuning (ULMFiT), an effective transfer learning method that can be applied to any task in NLP, and introduce techniques that are key for fine-tuning a language model. Our method significantly outperforms the state-of-the-art on six text classification tasks, reducing the error by 18-24{\%} on the majority of datasets. Furthermore, with only 100 labeled examples, it matches the performance of training from scratch on 100 times more data. We open-source our pretrained models and code.},
	bdsk-url-1 = {https://aclanthology.org/P18-1031},
	bdsk-url-2 = {https://doi.org/10.18653/v1/P18-1031}}

@article{felbo2017,
	author = {Felbo, Bjarke and Mislove, Alan and S{\o}gaard, Anders and Rahwan, Iyad and Lehmann, Sune},
	date-added = {2022-03-05 09:59:37 -0600},
	date-modified = {2022-03-05 09:59:37 -0600},
	doi = {10.18653/v1/d17-1169},
	journal = {Proceedings of the 2017 Conference on Empirical Methods in Natural Language Processing},
	publisher = {Association for Computational Linguistics},
	title = {Using millions of emoji occurrences to learn any-domain representations for detecting sentiment, emotion and sarcasm},
	url = {http://dx.doi.org/10.18653/v1/D17-1169},
	year = {2017},
	bdsk-url-1 = {http://dx.doi.org/10.18653/v1/D17-1169},
	bdsk-url-2 = {http://dx.doi.org/10.18653/v1/d17-1169}}

@article{DBLP:journals/corr/abs-1910-01108,
	author = {Sanh, Victor and Debut, Lysandre and Chaumond, Julien and Wolf, Thomas},
	bibsource = {dblp computer science bibliography, https://dblp.org},
	biburl = {https://dblp.org/rec/journals/corr/abs-1910-01108.bib},
	date-added = {2022-03-03 10:27:59 -0600},
	date-modified = {2022-03-03 10:27:59 -0600},
	eprint = {1910.01108},
	eprinttype = {arXiv},
	journal = {CoRR},
	timestamp = {Tue, 02 Jun 2020 12:48:59 +0200},
	title = {DistilBERT, a distilled version of {BERT:} smaller, faster, cheaper and lighter},
	url = {http://arxiv.org/abs/1910.01108},
	volume = {abs/1910.01108},
	year = {2019},
	bdsk-url-1 = {http://arxiv.org/abs/1910.01108}}

@article{DBLP:journals/corr/WuSCLNMKCGMKSJL16,
	author = {Wu, Yonghui and Schuster, Mike and Chen, Zhifeng and Le, Quoc V. and Norouzi, Mohammad and Macherey, Wolfgang and Krikun, Maxim and Cao, Yuan and Gao, Qin and Macherey, Klaus and Klingner, Jeff and Shah, Apurva and Johnson, Melvin and Liu, Xiaobing and Kaiser, Lukasz and Gouws, Stephan and Kato, Yoshikiyo and Kudo, Taku and Kazawa, Hideto and Stevens, Keith and Kurian, George and Patil, Nishant and Wang, Wei and Young, Cliff and Smith, Jason and Riesa, Jason and Rudnick, Alex and Vinyals, Oriol and Corrado, Greg and Hughes, Macduff and Dean, Jeffrey},
	bibsource = {dblp computer science bibliography, https://dblp.org},
	biburl = {https://dblp.org/rec/journals/corr/WuSCLNMKCGMKSJL16.bib},
	date-added = {2022-03-03 09:49:42 -0600},
	date-modified = {2022-03-03 09:49:42 -0600},
	eprint = {1609.08144},
	eprinttype = {arXiv},
	journal = {CoRR},
	timestamp = {Thu, 14 Jan 2021 12:12:19 +0100},
	title = {Google's Neural Machine Translation System: Bridging the Gap between Human and Machine Translation},
	url = {http://arxiv.org/abs/1609.08144},
	volume = {abs/1609.08144},
	year = {2016},
	bdsk-url-1 = {http://arxiv.org/abs/1609.08144}}

@inproceedings{ding2014using,
	author = {Ding, Xiao and Zhang, Yue and Liu, Ting and Duan, Junwen},
	booktitle = {Proceedings of the 2014 conference on empirical methods in natural language processing (EMNLP)},
	date-added = {2022-03-03 09:34:52 -0600},
	date-modified = {2022-03-03 09:34:52 -0600},
	pages = {1415--1425},
	title = {Using structured events to predict stock price movement: An empirical investigation},
	year = {2014}}

@article{Silla:2011tp,
	author = {Silla, Carlos N. and Freitas, Alex A.},
	date = {2011/01/01},
	date-added = {2022-03-03 09:03:06 -0600},
	date-modified = {2022-03-03 09:03:06 -0600},
	doi = {10.1007/s10618-010-0175-9},
	id = {Silla2011},
	isbn = {1573-756X},
	journal = {Data Mining and Knowledge Discovery},
	number = {1},
	pages = {31--72},
	title = {A survey of hierarchical classification across different application domains},
	url = {https://doi.org/10.1007/s10618-010-0175-9},
	volume = {22},
	year = {2011},
	abstract = {In this survey we discuss the task of hierarchical classification. The literature about this field is scattered across very different application domains and for that reason research in one domain is often done unaware of methods developed in other domains. We define what is the task of hierarchical classification and discuss why some related tasks should not be considered hierarchical classification. We also present a new perspective about some existing hierarchical classification approaches, and based on that perspective we propose a new unifying framework to classify the existing approaches. We also present a review of empirical comparisons of the existing methods reported in the literature as well as a conceptual comparison of those methods at a high level of abstraction, discussing their advantages and disadvantages.},
	bdsk-file-1 = {YnBsaXN0MDDSAQIDBFxyZWxhdGl2ZVBhdGhZYWxpYXNEYXRhXxB2Li4vLi4vLi4vRHJvcGJveC9HZW5lcmFsUmVmZXJlbmNlL0JpYkRlc2sgUmVmZXJlbmNlL1NpbGxhL0Egc3VydmV5IG9mIGhpZXJhcmNoaWNhbCBjbGFzc2lmaWNhdGlvbiBhY3Jvc3MgZGlmZmVyZW50LnBkZk8RAlYAAAAAAlYAAgAADE1hY2ludG9zaCBIRAAAAAAAAAAAAAAAAAAAAAAAAABCRAAB/////x9BIHN1cnZleSBvZiBoaWVyYXIjRkZGRkZGRkYucGRmAAAAAAAAAAAAAAAAAAAAAAAAAAAAAAAAAAAAAAAAAAD/////AAAAAAAAAAAAAAAAAAMABQAACiBjdQAAAAAAAAAAAAAAAAAFU2lsbGEAAAIAgi86VXNlcnM6YnJpYW5lbGluc2t5OkRyb3Bib3g6R2VuZXJhbFJlZmVyZW5jZTpCaWJEZXNrIFJlZmVyZW5jZTpTaWxsYTpBIHN1cnZleSBvZiBoaWVyYXJjaGljYWwgY2xhc3NpZmljYXRpb24gYWNyb3NzIGRpZmZlcmVudC5wZGYADgB6ADwAQQAgAHMAdQByAHYAZQB5ACAAbwBmACAAaABpAGUAcgBhAHIAYwBoAGkAYwBhAGwAIABjAGwAYQBzAHMAaQBmAGkAYwBhAHQAaQBvAG4AIABhAGMAcgBvAHMAcwAgAGQAaQBmAGYAZQByAGUAbgB0AC4AcABkAGYADwAaAAwATQBhAGMAaQBuAHQAbwBzAGgAIABIAEQAEgCAVXNlcnMvYnJpYW5lbGluc2t5L0Ryb3Bib3gvR2VuZXJhbFJlZmVyZW5jZS9CaWJEZXNrIFJlZmVyZW5jZS9TaWxsYS9BIHN1cnZleSBvZiBoaWVyYXJjaGljYWwgY2xhc3NpZmljYXRpb24gYWNyb3NzIGRpZmZlcmVudC5wZGYAEwABLwAAFQACABP//wAAAAgADQAaACQAnQAAAAAAAAIBAAAAAAAAAAUAAAAAAAAAAAAAAAAAAAL3},
	bdsk-url-1 = {https://doi.org/10.1007/s10618-010-0175-9}}

@inproceedings{10.1145/3184558.3192301,
	address = {Republic and Canton of Geneva, CHE},
	author = {Maia, Macedo and Handschuh, Siegfried and Freitas, Andr\'{e} and Davis, Brian and McDermott, Ross and Zarrouk, Manel and Balahur, Alexandra},
	booktitle = {Companion Proceedings of the The Web Conference 2018},
	date-added = {2022-02-08 09:22:32 -0600},
	date-modified = {2022-02-08 09:22:32 -0600},
	doi = {10.1145/3184558.3192301},
	isbn = {9781450356404},
	keywords = {opinion mining, financial domain, question answering},
	location = {Lyon, France},
	numpages = {2},
	pages = {1941--1942},
	publisher = {International World Wide Web Conferences Steering Committee},
	series = {WWW '18},
	title = {WWW'18 Open Challenge: Financial Opinion Mining and Question Answering},
	url = {https://doi.org/10.1145/3184558.3192301},
	year = {2018},
	abstract = {The growing maturity of Natural Language Processing (NLP) techniques and resources is dramatically changing the landscape of many application domains which are dependent on the analysis of unstructured data at scale. The finance domain, with its reliance on the interpretation of multiple unstructured and structured data sources and its demand for fast and comprehensive decision making is already emerging as a primary ground for the experimentation of NLP, Web Mining and Information Retrieval (IR) techniques for the automatic analysis of financial news and opinions online. This challenge focuses on advancing the state-of-the-art of aspect-based sentiment analysis and opinion-based Question Answering for the financial domain.},
	bdsk-file-1 = {YnBsaXN0MDDSAQIDBFxyZWxhdGl2ZVBhdGhZYWxpYXNEYXRhXxBkLi4vLi4vLi4vRHJvcGJveC9HZW5lcmFsUmVmZXJlbmNlL0JpYkRlc2sgUmVmZXJlbmNlL01haWEvV1dXJzE4IE9wZW4gQ2hhbGxlbmdlIEZpbmFuY2lhbCBPcGluaW9uLnBkZk8RAg4AAAAAAg4AAgAADE1hY2ludG9zaCBIRAAAAAAAAAAAAAAAAAAAAAAAAABCRAAB/////x9XV1cnMTggT3BlbiBDaGFsbGUjRkZGRkZGRkYucGRmAAAAAAAAAAAAAAAAAAAAAAAAAAAAAAAAAAAAAAAAAAD/////AAAAAAAAAAAAAAAAAAMABQAACiBjdQAAAAAAAAAAAAAAAAAETWFpYQACAHAvOlVzZXJzOmJyaWFuZWxpbnNreTpEcm9wYm94OkdlbmVyYWxSZWZlcmVuY2U6QmliRGVzayBSZWZlcmVuY2U6TWFpYTpXV1cnMTggT3BlbiBDaGFsbGVuZ2UgRmluYW5jaWFsIE9waW5pb24ucGRmAA4AWAArAFcAVwBXACcAMQA4ACAATwBwAGUAbgAgAEMAaABhAGwAbABlAG4AZwBlACAARgBpAG4AYQBuAGMAaQBhAGwAIABPAHAAaQBuAGkAbwBuAC4AcABkAGYADwAaAAwATQBhAGMAaQBuAHQAbwBzAGgAIABIAEQAEgBuVXNlcnMvYnJpYW5lbGluc2t5L0Ryb3Bib3gvR2VuZXJhbFJlZmVyZW5jZS9CaWJEZXNrIFJlZmVyZW5jZS9NYWlhL1dXVycxOCBPcGVuIENoYWxsZW5nZSBGaW5hbmNpYWwgT3Bpbmlvbi5wZGYAEwABLwAAFQACABP//wAAAAgADQAaACQAiwAAAAAAAAIBAAAAAAAAAAUAAAAAAAAAAAAAAAAAAAKd},
	bdsk-url-1 = {https://doi.org/10.1145/3184558.3192301}}

@inproceedings{peters2018deep,
	archiveprefix = {arXiv},
	author = {Peters, Matthew E. and Neumann, Mark and Iyyer, Mohit and Gardner, Matt and Clark, Christopher and Lee, Kenton and Zettlemoyer, Luke},
	booktitle = {Proceedings of the 2018 Conference of the North {A}merican Chapter of the Association for Computational Linguistics: Human Language Technologies, Volume 1 (Long Papers)},
	date-added = {2022-02-06 16:31:07 -0600},
	date-modified = {2022-02-06 16:31:07 -0600},
	doi = {10.18653/v1/N18-1202},
	eprint = {1802.05365},
	month = {jun},
	pages = {2227--2237},
	primaryclass = {cs.CL},
	publisher = {Association for Computational Linguistics},
	title = {Deep contextualized word representations},
	url = {https://aclanthology.org/N18-1202},
	year = {2018},
	bdsk-file-1 = {YnBsaXN0MDDSAQIDBFxyZWxhdGl2ZVBhdGhZYWxpYXNEYXRhXxBnLi4vLi4vLi4vRHJvcGJveC9HZW5lcmFsUmVmZXJlbmNlL0JpYkRlc2sgUmVmZXJlbmNlL1BldGVycy9EZWVwIGNvbnRleHR1YWxpemVkIHdvcmQgcmVwcmVzZW50YXRpb25zLnBkZk8RAhoAAAAAAhoAAgAADE1hY2ludG9zaCBIRAAAAAAAAAAAAAAAAAAAAAAAAABCRAAB/////x9EZWVwIGNvbnRleHR1YWxpemUjRkZGRkZGRkYucGRmAAAAAAAAAAAAAAAAAAAAAAAAAAAAAAAAAAAAAAAAAAD/////AAAAAAAAAAAAAAAAAAMABQAACiBjdQAAAAAAAAAAAAAAAAAGUGV0ZXJzAAIAcy86VXNlcnM6YnJpYW5lbGluc2t5OkRyb3Bib3g6R2VuZXJhbFJlZmVyZW5jZTpCaWJEZXNrIFJlZmVyZW5jZTpQZXRlcnM6RGVlcCBjb250ZXh0dWFsaXplZCB3b3JkIHJlcHJlc2VudGF0aW9ucy5wZGYAAA4AWgAsAEQAZQBlAHAAIABjAG8AbgB0AGUAeAB0AHUAYQBsAGkAegBlAGQAIAB3AG8AcgBkACAAcgBlAHAAcgBlAHMAZQBuAHQAYQB0AGkAbwBuAHMALgBwAGQAZgAPABoADABNAGEAYwBpAG4AdABvAHMAaAAgAEgARAASAHFVc2Vycy9icmlhbmVsaW5za3kvRHJvcGJveC9HZW5lcmFsUmVmZXJlbmNlL0JpYkRlc2sgUmVmZXJlbmNlL1BldGVycy9EZWVwIGNvbnRleHR1YWxpemVkIHdvcmQgcmVwcmVzZW50YXRpb25zLnBkZgAAEwABLwAAFQACABP//wAAAAgADQAaACQAjgAAAAAAAAIBAAAAAAAAAAUAAAAAAAAAAAAAAAAAAAKs}}

@inproceedings{mikolov2013efficient,
	archiveprefix = {arXiv},
	author = {Mikolov, Tomas and Chen, Kai and Corrado, Greg and Dean, Jeffrey},
	booktitle = {1st International Conference on Learning Representations, {ICLR} 2013, Scottsdale, Arizona, USA, May 2-4, 2013, Workshop Track Proceedings},
	date-added = {2022-02-06 16:28:10 -0600},
	date-modified = {2022-02-06 16:28:10 -0600},
	eprint = {1301.3781},
	primaryclass = {cs.CL},
	title = {Efficient Estimation of Word Representations in Vector Space},
	url = {http://arxiv.org/abs/1301.3781},
	year = {2013},
	bdsk-file-1 = {YnBsaXN0MDDSAQIDBFxyZWxhdGl2ZVBhdGhZYWxpYXNEYXRhXxB2Li4vLi4vLi4vRHJvcGJveC9HZW5lcmFsUmVmZXJlbmNlL0JpYkRlc2sgUmVmZXJlbmNlL01pa29sb3YvRWZmaWNpZW50IEVzdGltYXRpb24gb2YgV29yZCBSZXByZXNlbnRhdGlvbnMgaW4gVmVjdG9yLnBkZk8RAlQAAAAAAlQAAgAADE1hY2ludG9zaCBIRAAAAAAAAAAAAAAAAAAAAAAAAABCRAAB/////x9FZmZpY2llbnQgRXN0aW1hdGkjRkZGRkZGRkYucGRmAAAAAAAAAAAAAAAAAAAAAAAAAAAAAAAAAAAAAAAAAAD/////AAAAAAAAAAAAAAAAAAMABQAACiBjdQAAAAAAAAAAAAAAAAAHTWlrb2xvdgAAAgCCLzpVc2VyczpicmlhbmVsaW5za3k6RHJvcGJveDpHZW5lcmFsUmVmZXJlbmNlOkJpYkRlc2sgUmVmZXJlbmNlOk1pa29sb3Y6RWZmaWNpZW50IEVzdGltYXRpb24gb2YgV29yZCBSZXByZXNlbnRhdGlvbnMgaW4gVmVjdG9yLnBkZgAOAHYAOgBFAGYAZgBpAGMAaQBlAG4AdAAgAEUAcwB0AGkAbQBhAHQAaQBvAG4AIABvAGYAIABXAG8AcgBkACAAUgBlAHAAcgBlAHMAZQBuAHQAYQB0AGkAbwBuAHMAIABpAG4AIABWAGUAYwB0AG8AcgAuAHAAZABmAA8AGgAMAE0AYQBjAGkAbgB0AG8AcwBoACAASABEABIAgFVzZXJzL2JyaWFuZWxpbnNreS9Ecm9wYm94L0dlbmVyYWxSZWZlcmVuY2UvQmliRGVzayBSZWZlcmVuY2UvTWlrb2xvdi9FZmZpY2llbnQgRXN0aW1hdGlvbiBvZiBXb3JkIFJlcHJlc2VudGF0aW9ucyBpbiBWZWN0b3IucGRmABMAAS8AABUAAgAT//8AAAAIAA0AGgAkAJ0AAAAAAAACAQAAAAAAAAAFAAAAAAAAAAAAAAAAAAAC9Q==}}

@inproceedings{dai2015semisupervised,
	archiveprefix = {arXiv},
	author = {Dai, Andrew M. and Le, Quoc V.},
	booktitle = {Advances in Neural Information Processing Systems},
	date-added = {2022-02-06 16:20:10 -0600},
	date-modified = {2022-02-06 16:20:10 -0600},
	editor = {Cortes, C. and Lawrence, N. and Lee, D. and Sugiyama, M. and Garnett, R.},
	eprint = {1511.01432},
	primaryclass = {cs.LG},
	publisher = {Curran Associates, Inc.},
	title = {Semi-supervised Sequence Learning},
	url = {https://proceedings.neurips.cc/paper/2015/file/7137debd45ae4d0ab9aa953017286b20-Paper.pdf},
	volume = {28},
	year = {2015},
	bdsk-file-1 = {YnBsaXN0MDDSAQIDBFxyZWxhdGl2ZVBhdGhZYWxpYXNEYXRhXxBdLi4vLi4vLi4vRHJvcGJveC9HZW5lcmFsUmVmZXJlbmNlL0JpYkRlc2sgUmVmZXJlbmNlL0RhaS9TZW1pLXN1cGVydmlzZWQgU2VxdWVuY2UgTGVhcm5pbmcucGRmTxEB9gAAAAAB9gACAAAMTWFjaW50b3NoIEhEAAAAAAAAAAAAAAAAAAAAAAAAAEJEAAH/////H1NlbWktc3VwZXJ2aXNlZCBTZSNGRkZGRkZGRi5wZGYAAAAAAAAAAAAAAAAAAAAAAAAAAAAAAAAAAAAAAAAAAP////8AAAAAAAAAAAAAAAAAAwAFAAAKIGN1AAAAAAAAAAAAAAAAAANEYWkAAAIAaS86VXNlcnM6YnJpYW5lbGluc2t5OkRyb3Bib3g6R2VuZXJhbFJlZmVyZW5jZTpCaWJEZXNrIFJlZmVyZW5jZTpEYWk6U2VtaS1zdXBlcnZpc2VkIFNlcXVlbmNlIExlYXJuaW5nLnBkZgAADgBMACUAUwBlAG0AaQAtAHMAdQBwAGUAcgB2AGkAcwBlAGQAIABTAGUAcQB1AGUAbgBjAGUAIABMAGUAYQByAG4AaQBuAGcALgBwAGQAZgAPABoADABNAGEAYwBpAG4AdABvAHMAaAAgAEgARAASAGdVc2Vycy9icmlhbmVsaW5za3kvRHJvcGJveC9HZW5lcmFsUmVmZXJlbmNlL0JpYkRlc2sgUmVmZXJlbmNlL0RhaS9TZW1pLXN1cGVydmlzZWQgU2VxdWVuY2UgTGVhcm5pbmcucGRmAAATAAEvAAAVAAIAE///AAAACAANABoAJACEAAAAAAAAAgEAAAAAAAAABQAAAAAAAAAAAAAAAAAAAn4=}}

@article{DBLP:journals/corr/abs-1810-04805,
	author = {Devlin, Jacob and Chang, Ming{-}Wei and Lee, Kenton and Toutanova, Kristina},
	bibsource = {dblp computer science bibliography, https://dblp.org},
	biburl = {https://dblp.org/rec/journals/corr/abs-1810-04805.bib},
	date-added = {2022-02-06 16:16:54 -0600},
	date-modified = {2022-02-06 16:16:54 -0600},
	eprint = {1810.04805},
	eprinttype = {arXiv},
	journal = {CoRR},
	timestamp = {Tue, 30 Oct 2018 20:39:56 +0100},
	title = {{BERT:} Pre-training of Deep Bidirectional Transformers for Language Understanding},
	url = {http://arxiv.org/abs/1810.04805},
	volume = {abs/1810.04805},
	year = {2018},
	bdsk-file-1 = {YnBsaXN0MDDSAQIDBFxyZWxhdGl2ZVBhdGhZYWxpYXNEYXRhXxBzLi4vLi4vLi4vRHJvcGJveC9HZW5lcmFsUmVmZXJlbmNlL0JpYkRlc2sgUmVmZXJlbmNlL0Rldmxpbi9CRVJUIFByZS10cmFpbmluZyBvZiBEZWVwIEJpZGlyZWN0aW9uYWwgVHJhbnNmb3JtZXJzLnBkZk8RAkoAAAAAAkoAAgAADE1hY2ludG9zaCBIRAAAAAAAAAAAAAAAAAAAAAAAAABCRAAB/////x9CRVJUIFByZS10cmFpbmluZyAjRkZGRkZGRkYucGRmAAAAAAAAAAAAAAAAAAAAAAAAAAAAAAAAAAAAAAAAAAD/////AAAAAAAAAAAAAAAAAAMABQAACiBjdQAAAAAAAAAAAAAAAAAGRGV2bGluAAIAfy86VXNlcnM6YnJpYW5lbGluc2t5OkRyb3Bib3g6R2VuZXJhbFJlZmVyZW5jZTpCaWJEZXNrIFJlZmVyZW5jZTpEZXZsaW46QkVSVCBQcmUtdHJhaW5pbmcgb2YgRGVlcCBCaWRpcmVjdGlvbmFsIFRyYW5zZm9ybWVycy5wZGYAAA4AcgA4AEIARQBSAFQAIABQAHIAZQAtAHQAcgBhAGkAbgBpAG4AZwAgAG8AZgAgAEQAZQBlAHAAIABCAGkAZABpAHIAZQBjAHQAaQBvAG4AYQBsACAAVAByAGEAbgBzAGYAbwByAG0AZQByAHMALgBwAGQAZgAPABoADABNAGEAYwBpAG4AdABvAHMAaAAgAEgARAASAH1Vc2Vycy9icmlhbmVsaW5za3kvRHJvcGJveC9HZW5lcmFsUmVmZXJlbmNlL0JpYkRlc2sgUmVmZXJlbmNlL0Rldmxpbi9CRVJUIFByZS10cmFpbmluZyBvZiBEZWVwIEJpZGlyZWN0aW9uYWwgVHJhbnNmb3JtZXJzLnBkZgAAEwABLwAAFQACABP//wAAAAgADQAaACQAmgAAAAAAAAIBAAAAAAAAAAUAAAAAAAAAAAAAAAAAAALo},
	bdsk-url-1 = {http://arxiv.org/abs/1810.04805}}

@article{radford2018improving,
	author = {Radford, Alec and Narasimhan, Karthik and Salimans, Tim and Sutskever, Ilya},
	date-added = {2022-02-06 16:16:16 -0600},
	date-modified = {2022-02-06 16:16:16 -0600},
	title = {Improving language understanding by generative pre-training},
	year = {2018},
	bdsk-file-1 = {YnBsaXN0MDDSAQIDBFxyZWxhdGl2ZVBhdGhZYWxpYXNEYXRhXxB7Li4vLi4vLi4vRHJvcGJveC9HZW5lcmFsUmVmZXJlbmNlL0JpYkRlc2sgUmVmZXJlbmNlL1JhZGZvcmQvSW1wcm92aW5nIGxhbmd1YWdlIHVuZGVyc3RhbmRpbmcgYnkgZ2VuZXJhdGl2ZSBwcmUtdHJhaW5pbmcucGRmTxECagAAAAACagACAAAMTWFjaW50b3NoIEhEAAAAAAAAAAAAAAAAAAAAAAAAAEJEAAH/////H0ltcHJvdmluZyBsYW5ndWFnZSNGRkZGRkZGRi5wZGYAAAAAAAAAAAAAAAAAAAAAAAAAAAAAAAAAAAAAAAAAAP////8AAAAAAAAAAAAAAAAAAwAFAAAKIGN1AAAAAAAAAAAAAAAAAAdSYWRmb3JkAAACAIcvOlVzZXJzOmJyaWFuZWxpbnNreTpEcm9wYm94OkdlbmVyYWxSZWZlcmVuY2U6QmliRGVzayBSZWZlcmVuY2U6UmFkZm9yZDpJbXByb3ZpbmcgbGFuZ3VhZ2UgdW5kZXJzdGFuZGluZyBieSBnZW5lcmF0aXZlIHByZS10cmFpbmluZy5wZGYAAA4AgAA/AEkAbQBwAHIAbwB2AGkAbgBnACAAbABhAG4AZwB1AGEAZwBlACAAdQBuAGQAZQByAHMAdABhAG4AZABpAG4AZwAgAGIAeQAgAGcAZQBuAGUAcgBhAHQAaQB2AGUAIABwAHIAZQAtAHQAcgBhAGkAbgBpAG4AZwAuAHAAZABmAA8AGgAMAE0AYQBjAGkAbgB0AG8AcwBoACAASABEABIAhVVzZXJzL2JyaWFuZWxpbnNreS9Ecm9wYm94L0dlbmVyYWxSZWZlcmVuY2UvQmliRGVzayBSZWZlcmVuY2UvUmFkZm9yZC9JbXByb3ZpbmcgbGFuZ3VhZ2UgdW5kZXJzdGFuZGluZyBieSBnZW5lcmF0aXZlIHByZS10cmFpbmluZy5wZGYAABMAAS8AABUAAgAT//8AAAAIAA0AGgAkAKIAAAAAAAACAQAAAAAAAAAFAAAAAAAAAAAAAAAAAAADEA==}}

@article{buehlmaier2015role,
	author = {Buehlmaier, Matthias MM},
	date-added = {2022-02-06 10:57:22 -0600},
	date-modified = {2022-02-06 10:57:22 -0600},
	journal = {Available at SSRN 1673164},
	title = {The role of the media in takeovers: theory and evidence},
	year = {2015}}

@techreport{froot2017media,
	author = {Froot, Kenneth and Lou, Xiaoxia and Ozik, Gideon and Sadka, Ronnie and Shen, Siyi},
	date-added = {2022-02-06 10:49:32 -0600},
	date-modified = {2022-02-06 11:49:09 -0600},
	institution = {(Working paper). Boston, MA: Boston College},
	title = {Media reinforcement in international financial markets},
	year = {2017},
	bdsk-file-1 = {YnBsaXN0MDDSAQIDBFxyZWxhdGl2ZVBhdGhZYWxpYXNEYXRhXxB0Li4vLi4vLi4vRHJvcGJveC9HZW5lcmFsUmVmZXJlbmNlL0JpYkRlc2sgUmVmZXJlbmNlL0Zyb290L01lZGlhIHJlaW5mb3JjZW1lbnQgaW4gaW50ZXJuYXRpb25hbCBmaW5hbmNpYWwgbWFya2V0cy5wZGZPEQJOAAAAAAJOAAIAAAxNYWNpbnRvc2ggSEQAAAAAAAAAAAAAAAAAAAAAAAAAQkQAAf////8fTWVkaWEgcmVpbmZvcmNlbWVuI0ZGRkZGRkZGLnBkZgAAAAAAAAAAAAAAAAAAAAAAAAAAAAAAAAAAAAAAAAAA/////wAAAAAAAAAAAAAAAAADAAUAAAogY3UAAAAAAAAAAAAAAAAABUZyb290AAACAIAvOlVzZXJzOmJyaWFuZWxpbnNreTpEcm9wYm94OkdlbmVyYWxSZWZlcmVuY2U6QmliRGVzayBSZWZlcmVuY2U6RnJvb3Q6TWVkaWEgcmVpbmZvcmNlbWVudCBpbiBpbnRlcm5hdGlvbmFsIGZpbmFuY2lhbCBtYXJrZXRzLnBkZgAOAHYAOgBNAGUAZABpAGEAIAByAGUAaQBuAGYAbwByAGMAZQBtAGUAbgB0ACAAaQBuACAAaQBuAHQAZQByAG4AYQB0AGkAbwBuAGEAbAAgAGYAaQBuAGEAbgBjAGkAYQBsACAAbQBhAHIAawBlAHQAcwAuAHAAZABmAA8AGgAMAE0AYQBjAGkAbgB0AG8AcwBoACAASABEABIAflVzZXJzL2JyaWFuZWxpbnNreS9Ecm9wYm94L0dlbmVyYWxSZWZlcmVuY2UvQmliRGVzayBSZWZlcmVuY2UvRnJvb3QvTWVkaWEgcmVpbmZvcmNlbWVudCBpbiBpbnRlcm5hdGlvbmFsIGZpbmFuY2lhbCBtYXJrZXRzLnBkZgATAAEvAAAVAAIAE///AAAACAANABoAJACbAAAAAAAAAgEAAAAAAAAABQAAAAAAAAAAAAAAAAAAAu0=}}

@article{DaZhi2015TSoA,
	author = {Da, Zhi and Engelberg, Joseph and Gao, Pengjie},
	copyright = {Copyright {\copyright} 2015 The Society for Financial Studies},
	date-added = {2022-02-06 10:49:12 -0600},
	date-modified = {2022-02-06 10:49:12 -0600},
	issn = {0893-9454},
	journal = {The Review of financial studies},
	language = {eng},
	number = {1},
	pages = {1-32},
	publisher = {Oxford University Press},
	title = {The Sum of All FEARS Investor Sentiment and Asset Prices},
	volume = {28},
	year = {2015},
	abstract = {We use daily Internet search volume from millions of households to reveal market-level sentiment. By aggregating the volume of queries related to household concerns (e.g., "recession," "unemployment," and "bankruptcy"), we construct a Financial and Economic Attitudes Revealed by Search (FEARS) index as a new measure of investor sentiment. Between 2004 and 2011, we find FEARS (i) predict short-term return reversals, (ii) predict temporary increases in volatility, and (iii) predict mutual fund flows out of equity funds and into bond funds. Taken together, the results are broadly consistent with theories of investor sentiment.},
	bdsk-file-1 = {YnBsaXN0MDDSAQIDBFxyZWxhdGl2ZVBhdGhZYWxpYXNEYXRhXxBzLi4vLi4vLi4vRHJvcGJveC9HZW5lcmFsUmVmZXJlbmNlL0JpYkRlc2sgUmVmZXJlbmNlL0RhL1RoZSBTdW0gb2YgQWxsIEZFQVJTIEludmVzdG9yIFNlbnRpbWVudCBhbmQgQXNzZXQgUHJpY2VzLnBkZk8RAk4AAAAAAk4AAgAADE1hY2ludG9zaCBIRAAAAAAAAAAAAAAAAAAAAAAAAABCRAAB/////x9UaGUgU3VtIG9mIEFsbCBGRUEjRkZGRkZGRkYucGRmAAAAAAAAAAAAAAAAAAAAAAAAAAAAAAAAAAAAAAAAAAD/////AAAAAAAAAAAAAAAAAAMABQAACiBjdQAAAAAAAAAAAAAAAAACRGEAAgB/LzpVc2VyczpicmlhbmVsaW5za3k6RHJvcGJveDpHZW5lcmFsUmVmZXJlbmNlOkJpYkRlc2sgUmVmZXJlbmNlOkRhOlRoZSBTdW0gb2YgQWxsIEZFQVJTIEludmVzdG9yIFNlbnRpbWVudCBhbmQgQXNzZXQgUHJpY2VzLnBkZgAADgB6ADwAVABoAGUAIABTAHUAbQAgAG8AZgAgAEEAbABsACAARgBFAEEAUgBTACAASQBuAHYAZQBzAHQAbwByACAAUwBlAG4AdABpAG0AZQBuAHQAIABhAG4AZAAgAEEAcwBzAGUAdAAgAFAAcgBpAGMAZQBzAC4AcABkAGYADwAaAAwATQBhAGMAaQBuAHQAbwBzAGgAIABIAEQAEgB9VXNlcnMvYnJpYW5lbGluc2t5L0Ryb3Bib3gvR2VuZXJhbFJlZmVyZW5jZS9CaWJEZXNrIFJlZmVyZW5jZS9EYS9UaGUgU3VtIG9mIEFsbCBGRUFSUyBJbnZlc3RvciBTZW50aW1lbnQgYW5kIEFzc2V0IFByaWNlcy5wZGYAABMAAS8AABUAAgAT//8AAAAIAA0AGgAkAJoAAAAAAAACAQAAAAAAAAAFAAAAAAAAAAAAAAAAAAAC7A==}}

@article{FergusonNickyJ2015MCaS,
	address = {Camden},
	author = {Ferguson, Nicky J and Philip, Dennis and Lam, Herbert Y. T and Guo, Jie Michael},
	date-added = {2022-02-06 10:48:59 -0600},
	date-modified = {2022-02-06 10:48:59 -0600},
	issn = {1096-1879},
	journal = {Multinational finance journal},
	keywords = {Abnormal returns ; Data analysis ; Investment policy ; Media coverage ; News media ; Studies},
	language = {eng},
	number = {1},
	organization = {University of Cambridge, UK},
	pages = {1-31},
	publisher = {Global Business Publications},
	title = {Media Content and Stock Returns: The Predictive Power of Press},
	volume = {19},
	year = {2015},
	abstract = {  This paper examines whether tone (positive and negative) and volume of firm-specific news media content provide valuable information about future stock returns, using UK news media data from 1981-2010. The results indicate that both tone and volume of news media content significantly predict next period abnormal returns, with the impact of volume more pronounced than tone. Additionally, the predictive power of tone is found to be stronger among lower visibility firms. Further, the paper finds evidence of an attention-grabbing effect for firm-specific news stories with high media coverage, mainly seen among larger firms. A simple news-based trading strategy produces statistically significant risk-adjusted returns of 14.2 to 19 basis points in the period 2003-2010. At the aggregate level, price pressure induced by semantics in news stories is corrected only in part by subsequent reversals. Overall, the findings suggest firm-specific news media content incorporates valuable information that predicts asset returns.},
	bdsk-file-1 = {YnBsaXN0MDDSAQIDBFxyZWxhdGl2ZVBhdGhZYWxpYXNEYXRhXxBvLi4vLi4vLi4vRHJvcGJveC9HZW5lcmFsUmVmZXJlbmNlL0JpYkRlc2sgUmVmZXJlbmNlL0Zlcmd1c29uL01lZGlhIENvbnRlbnQgYW5kIFN0b2NrIFJldHVybnMgVGhlIFByZWRpY3RpdmUucGRmTxECOAAAAAACOAACAAAMTWFjaW50b3NoIEhEAAAAAAAAAAAAAAAAAAAAAAAAAEJEAAH/////H01lZGlhIENvbnRlbnQgYW5kICNGRkZGRkZGRi5wZGYAAAAAAAAAAAAAAAAAAAAAAAAAAAAAAAAAAAAAAAAAAP////8AAAAAAAAAAAAAAAAAAwAFAAAKIGN1AAAAAAAAAAAAAAAAAAhGZXJndXNvbgACAHsvOlVzZXJzOmJyaWFuZWxpbnNreTpEcm9wYm94OkdlbmVyYWxSZWZlcmVuY2U6QmliRGVzayBSZWZlcmVuY2U6RmVyZ3Vzb246TWVkaWEgQ29udGVudCBhbmQgU3RvY2sgUmV0dXJucyBUaGUgUHJlZGljdGl2ZS5wZGYAAA4AZgAyAE0AZQBkAGkAYQAgAEMAbwBuAHQAZQBuAHQAIABhAG4AZAAgAFMAdABvAGMAawAgAFIAZQB0AHUAcgBuAHMAIABUAGgAZQAgAFAAcgBlAGQAaQBjAHQAaQB2AGUALgBwAGQAZgAPABoADABNAGEAYwBpAG4AdABvAHMAaAAgAEgARAASAHlVc2Vycy9icmlhbmVsaW5za3kvRHJvcGJveC9HZW5lcmFsUmVmZXJlbmNlL0JpYkRlc2sgUmVmZXJlbmNlL0Zlcmd1c29uL01lZGlhIENvbnRlbnQgYW5kIFN0b2NrIFJldHVybnMgVGhlIFByZWRpY3RpdmUucGRmAAATAAEvAAAVAAIAE///AAAACAANABoAJACWAAAAAAAAAgEAAAAAAAAABQAAAAAAAAAAAAAAAAAAAtI=}}

@article{Engelberg2008CostlyIP,
	author = {Engelberg, Joseph},
	date-added = {2022-02-06 09:58:35 -0600},
	date-modified = {2022-02-06 09:58:35 -0600},
	journal = {American Finance Association Meetings (AFA)},
	title = {Costly Information Processing: Evidence from Earnings Announcements},
	year = {2008},
	bdsk-file-1 = {YnBsaXN0MDDSAQIDBFxyZWxhdGl2ZVBhdGhZYWxpYXNEYXRhXxBtLi4vLi4vLi4vRHJvcGJveC9HZW5lcmFsUmVmZXJlbmNlL0JpYkRlc2sgUmVmZXJlbmNlL0VuZ2VsYmVyZy9Db3N0bHkgSW5mb3JtYXRpb24gUHJvY2Vzc2luZyBFdmlkZW5jZSBmcm9tLnBkZk8RAjAAAAAAAjAAAgAADE1hY2ludG9zaCBIRAAAAAAAAAAAAAAAAAAAAAAAAABCRAAB/////x9Db3N0bHkgSW5mb3JtYXRpb24jRkZGRkZGRkYucGRmAAAAAAAAAAAAAAAAAAAAAAAAAAAAAAAAAAAAAAAAAAD/////AAAAAAAAAAAAAAAAAAMABQAACiBjdQAAAAAAAAAAAAAAAAAJRW5nZWxiZXJnAAACAHkvOlVzZXJzOmJyaWFuZWxpbnNreTpEcm9wYm94OkdlbmVyYWxSZWZlcmVuY2U6QmliRGVzayBSZWZlcmVuY2U6RW5nZWxiZXJnOkNvc3RseSBJbmZvcm1hdGlvbiBQcm9jZXNzaW5nIEV2aWRlbmNlIGZyb20ucGRmAAAOAGAALwBDAG8AcwB0AGwAeQAgAEkAbgBmAG8AcgBtAGEAdABpAG8AbgAgAFAAcgBvAGMAZQBzAHMAaQBuAGcAIABFAHYAaQBkAGUAbgBjAGUAIABmAHIAbwBtAC4AcABkAGYADwAaAAwATQBhAGMAaQBuAHQAbwBzAGgAIABIAEQAEgB3VXNlcnMvYnJpYW5lbGluc2t5L0Ryb3Bib3gvR2VuZXJhbFJlZmVyZW5jZS9CaWJEZXNrIFJlZmVyZW5jZS9FbmdlbGJlcmcvQ29zdGx5IEluZm9ybWF0aW9uIFByb2Nlc3NpbmcgRXZpZGVuY2UgZnJvbS5wZGYAABMAAS8AABUAAgAT//8AAAAIAA0AGgAkAJQAAAAAAAACAQAAAAAAAAAFAAAAAAAAAAAAAAAAAAACyA==}}

@article{garciadiego2013SdR,
	author = {Garcia, Diego},
	copyright = {2013 American Finance Association},
	date-added = {2022-02-06 09:48:29 -0600},
	date-modified = {2022-02-06 09:48:29 -0600},
	issn = {0022-1082},
	journal = {The Journal of finance (New York)},
	keywords = {Economic fluctuations ; Economic recessions ; Financial markets ; Investors ; P values ; Pessimism ; Point estimators ; Standard deviation ; Stock exchanges ; Wall Street},
	language = {eng},
	number = {3},
	pages = {1267-1300},
	publisher = {Blackwell Publishing Ltd},
	title = {Sentiment during Recessions},
	volume = {68},
	year = {2013},
	abstract = {This paper studies the effect of sentiment on asset prices during the 20th century (1905 to 2005). As a proxy for sentiment, we use the fraction of positive and negative words in two columns of financial news from the New York Times. The main contribution of the paper is to show that, controlling for other well-known time-series patterns, the predictability of stock returns using news' content is concentrated in recessions. A one standard deviation shock to our news measure during recessions predicts a change in the conditional average return on the DJIA of 12 basis points over one day.},
	bdsk-file-1 = {YnBsaXN0MDDSAQIDBFxyZWxhdGl2ZVBhdGhZYWxpYXNEYXRhXxBaLi4vLi4vLi4vRHJvcGJveC9HZW5lcmFsUmVmZXJlbmNlL0JpYkRlc2sgUmVmZXJlbmNlL0dhcmNpYS9TZW50aW1lbnQgZHVyaW5nIFJlY2Vzc2lvbnMucGRmTxEB5AAAAAAB5AACAAAMTWFjaW50b3NoIEhEAAAAAAAAAAAAAAAAAAAAAAAAAEJEAAH/////H1NlbnRpbWVudCBkdXJpbmcgUmVjZXNzaW9ucy5wZGYAAAAAAAAAAAAAAAAAAAAAAAAAAAAAAAAAAAAAAAAAAP////8AAAAAAAAAAAAAAAAAAwAFAAAKIGN1AAAAAAAAAAAAAAAAAAZHYXJjaWEAAgBmLzpVc2VyczpicmlhbmVsaW5za3k6RHJvcGJveDpHZW5lcmFsUmVmZXJlbmNlOkJpYkRlc2sgUmVmZXJlbmNlOkdhcmNpYTpTZW50aW1lbnQgZHVyaW5nIFJlY2Vzc2lvbnMucGRmAA4AQAAfAFMAZQBuAHQAaQBtAGUAbgB0ACAAZAB1AHIAaQBuAGcAIABSAGUAYwBlAHMAcwBpAG8AbgBzAC4AcABkAGYADwAaAAwATQBhAGMAaQBuAHQAbwBzAGgAIABIAEQAEgBkVXNlcnMvYnJpYW5lbGluc2t5L0Ryb3Bib3gvR2VuZXJhbFJlZmVyZW5jZS9CaWJEZXNrIFJlZmVyZW5jZS9HYXJjaWEvU2VudGltZW50IGR1cmluZyBSZWNlc3Npb25zLnBkZgATAAEvAAAVAAIAE///AAAACAANABoAJACBAAAAAAAAAgEAAAAAAAAABQAAAAAAAAAAAAAAAAAAAmk=}}

@article{TetlockPaul2007GCtI,
	address = {Malden, USA},
	author = {Tetlock, Paul C},
	copyright = {Copyright 2007 The American Finance Association},
	date-added = {2022-02-06 08:53:09 -0600},
	date-modified = {2022-02-06 08:53:09 -0600},
	issn = {0022-1082},
	journal = {The Journal of finance (New York)},
	keywords = {Coefficients ; Factor analysis ; Investors ; P values ; Pessimism ; Proxy reporting ; Proxy statements ; Stock exchanges ; Stock markets ; Words},
	language = {eng},
	number = {3},
	pages = {1139-1168},
	publisher = {Blackwell Publishing Inc},
	title = {Giving Content to Investor Sentiment: The Role of Media in the Stock Market},
	volume = {62},
	year = {2007},
	abstract = {I quantitatively measure the interactions between the media and the stock market using daily content from a popular Wall Street Journal column. I find that high media pessimism predicts downward pressure on market prices followed by a reversion to fundamentals, and unusually high or low pessimism predicts high market trading volume. These and similar results are consistent with theoretical models of noise and liquidity traders, and are inconsistent with theories of media content as a proxy for new information about fundamental asset values, as a proxy for market volatility, or as a sideshow with no relationship to asset markets.},
	bdsk-file-1 = {YnBsaXN0MDDSAQIDBFxyZWxhdGl2ZVBhdGhZYWxpYXNEYXRhXxBtLi4vLi4vLi4vRHJvcGJveC9HZW5lcmFsUmVmZXJlbmNlL0JpYkRlc2sgUmVmZXJlbmNlL1RFVExPQ0svR2l2aW5nIENvbnRlbnQgdG8gSW52ZXN0b3IgU2VudGltZW50IFRoZSBSb2xlLnBkZk8RAjIAAAAAAjIAAgAADE1hY2ludG9zaCBIRAAAAAAAAAAAAAAAAAAAAAAAAABCRAAB/////x9HaXZpbmcgQ29udGVudCB0byAjRkZGRkZGRkYucGRmAAAAAAAAAAAAAAAAAAAAAAAAAAAAAAAAAAAAAAAAAAD/////AAAAAAAAAAAAAAAAAAMABQAACiBjdQAAAAAAAAAAAAAAAAAHVEVUTE9DSwAAAgB5LzpVc2VyczpicmlhbmVsaW5za3k6RHJvcGJveDpHZW5lcmFsUmVmZXJlbmNlOkJpYkRlc2sgUmVmZXJlbmNlOlRFVExPQ0s6R2l2aW5nIENvbnRlbnQgdG8gSW52ZXN0b3IgU2VudGltZW50IFRoZSBSb2xlLnBkZgAADgBkADEARwBpAHYAaQBuAGcAIABDAG8AbgB0AGUAbgB0ACAAdABvACAASQBuAHYAZQBzAHQAbwByACAAUwBlAG4AdABpAG0AZQBuAHQAIABUAGgAZQAgAFIAbwBsAGUALgBwAGQAZgAPABoADABNAGEAYwBpAG4AdABvAHMAaAAgAEgARAASAHdVc2Vycy9icmlhbmVsaW5za3kvRHJvcGJveC9HZW5lcmFsUmVmZXJlbmNlL0JpYkRlc2sgUmVmZXJlbmNlL1RFVExPQ0svR2l2aW5nIENvbnRlbnQgdG8gSW52ZXN0b3IgU2VudGltZW50IFRoZSBSb2xlLnBkZgAAEwABLwAAFQACABP//wAAAAgADQAaACQAlAAAAAAAAAIBAAAAAAAAAAUAAAAAAAAAAAAAAAAAAALK}}

@article{KearneyColm2014Tsif,
	address = {Greenwich},
	author = {Kearney, Colm and Liu, Sha},
	copyright = {2014 Elsevier Inc.},
	date-added = {2022-02-05 12:45:23 -0600},
	date-modified = {2022-02-05 12:45:23 -0600},
	issn = {1057-5219},
	journal = {International review of financial analysis},
	keywords = {Behavioral finance ; Comparative analysis ; Content analysis ; Finance ; Information science ; Internet messages ; Market efficiency ; News ; Organizational behavior ; Studies ; Textual sentiment},
	language = {eng},
	pages = {171-185},
	publisher = {Elsevier Inc},
	title = {Textual sentiment in finance: A survey of methods and models},
	volume = {33},
	year = {2014},
	abstract = {We survey the textual sentiment literature, comparing and contrasting the various information sources, content analysis methods, and empirical models that have been used to date. We summarize the important and influential findings about how textual sentiment impacts on individual, firm-level and market-level behavior and performance, and vice versa. We point to what is agreed and what remains controversial. Promising directions for future research are emerging from the availability of more accurate and efficient sentiment measures resulting from increasingly sophisticated textual content analysis coupled with more extensive field-specific dictionaries. This is enabling more wide-ranging studies that use increasingly sophisticated models to help us better understand behavioral finance patterns across individuals, institutions and markets.},
	bdsk-file-1 = {YnBsaXN0MDDSAQIDBFxyZWxhdGl2ZVBhdGhZYWxpYXNEYXRhXxBwLi4vLi4vLi4vRHJvcGJveC9HZW5lcmFsUmVmZXJlbmNlL0JpYkRlc2sgUmVmZXJlbmNlL0tlYXJuZXkvVGV4dHVhbCBzZW50aW1lbnQgaW4gZmluYW5jZSBBIHN1cnZleSBvZiBtZXRob2RzLnBkZk8RAjwAAAAAAjwAAgAADE1hY2ludG9zaCBIRAAAAAAAAAAAAAAAAAAAAAAAAABCRAAB/////x9UZXh0dWFsIHNlbnRpbWVudCAjRkZGRkZGRkYucGRmAAAAAAAAAAAAAAAAAAAAAAAAAAAAAAAAAAAAAAAAAAD/////AAAAAAAAAAAAAAAAAAMABQAACiBjdQAAAAAAAAAAAAAAAAAHS2Vhcm5leQAAAgB8LzpVc2VyczpicmlhbmVsaW5za3k6RHJvcGJveDpHZW5lcmFsUmVmZXJlbmNlOkJpYkRlc2sgUmVmZXJlbmNlOktlYXJuZXk6VGV4dHVhbCBzZW50aW1lbnQgaW4gZmluYW5jZSBBIHN1cnZleSBvZiBtZXRob2RzLnBkZgAOAGoANABUAGUAeAB0AHUAYQBsACAAcwBlAG4AdABpAG0AZQBuAHQAIABpAG4AIABmAGkAbgBhAG4AYwBlACAAQQAgAHMAdQByAHYAZQB5ACAAbwBmACAAbQBlAHQAaABvAGQAcwAuAHAAZABmAA8AGgAMAE0AYQBjAGkAbgB0AG8AcwBoACAASABEABIAelVzZXJzL2JyaWFuZWxpbnNreS9Ecm9wYm94L0dlbmVyYWxSZWZlcmVuY2UvQmliRGVzayBSZWZlcmVuY2UvS2Vhcm5leS9UZXh0dWFsIHNlbnRpbWVudCBpbiBmaW5hbmNlIEEgc3VydmV5IG9mIG1ldGhvZHMucGRmABMAAS8AABUAAgAT//8AAAAIAA0AGgAkAJcAAAAAAAACAQAAAAAAAAAFAAAAAAAAAAAAAAAAAAAC1w==}}

@article{BakerMalcolm2007ISit,
	author = {Baker, Malcolm and Wurgler, Jeffrey},
	copyright = {Copyright 2007 American Economic Association},
	date-added = {2022-02-05 11:01:12 -0600},
	date-modified = {2022-02-05 11:01:12 -0600},
	issn = {0895-3309},
	journal = {The Journal of economic perspectives},
	keywords = {Arbitrage ; Behavior ; Dividends ; Economic bubbles ; Forecasts and trends ; Investors ; Mutual funds ; Speculative demand ; Stock dividends ; Stock market indices ; Stock markets ; Stock price indexes ; Stock prices ; Symposium:Behavioral Finance},
	language = {eng},
	number = {2},
	pages = {129-151},
	publisher = {American Economic Association},
	title = {Investor Sentiment in the Stock Market},
	volume = {21},
	year = {2007},
	abstract = {Investor sentiment, defined broadly, is a belief about future cash flows and investment risks that is not justified by the facts at hand. The question is no longer whether investor sentiment affects stock prices, but how to measure investor sentiment and quantify its effects. One approach is "bottom up," using biases in individual investor psychology, such as overconfidence, representativeness, and conservatism, to explain how individual investors underreact or overreact to past returns or fundamentals The investor sentiment approach that we develop in this paper is, by contrast, distinctly "top down" and macroeconomic: we take the origin of investor sentiment as exogenous and focus on its empirical effects. We show that it is quite possible to measure investor sentiment and that waves of sentiment have clearly discernible, important, and regular effects on individual firms and on the stock market as a whole. The top-down approach builds on the two broader and more irrefutable assumptions of behavioral finance---sentiment and the limits to arbitrage---to explain which stocks are likely to be most affected by sentiment. In particular, stocks that are difficult to arbitrage or to value are most affected by sentiment.},
	bdsk-file-1 = {YnBsaXN0MDDSAQIDBFxyZWxhdGl2ZVBhdGhZYWxpYXNEYXRhXxBkLi4vLi4vLi4vRHJvcGJveC9HZW5lcmFsUmVmZXJlbmNlL0JpYkRlc2sgUmVmZXJlbmNlL0Jha2VyL0ludmVzdG9yIFNlbnRpbWVudCBpbiB0aGUgU3RvY2sgTWFya2V0LnBkZk8RAg4AAAAAAg4AAgAADE1hY2ludG9zaCBIRAAAAAAAAAAAAAAAAAAAAAAAAABCRAAB/////x9JbnZlc3RvciBTZW50aW1lbnQjRkZGRkZGRkYucGRmAAAAAAAAAAAAAAAAAAAAAAAAAAAAAAAAAAAAAAAAAAD/////AAAAAAAAAAAAAAAAAAMABQAACiBjdQAAAAAAAAAAAAAAAAAFQmFrZXIAAAIAcC86VXNlcnM6YnJpYW5lbGluc2t5OkRyb3Bib3g6R2VuZXJhbFJlZmVyZW5jZTpCaWJEZXNrIFJlZmVyZW5jZTpCYWtlcjpJbnZlc3RvciBTZW50aW1lbnQgaW4gdGhlIFN0b2NrIE1hcmtldC5wZGYADgBWACoASQBuAHYAZQBzAHQAbwByACAAUwBlAG4AdABpAG0AZQBuAHQAIABpAG4AIAB0AGgAZQAgAFMAdABvAGMAawAgAE0AYQByAGsAZQB0AC4AcABkAGYADwAaAAwATQBhAGMAaQBuAHQAbwBzAGgAIABIAEQAEgBuVXNlcnMvYnJpYW5lbGluc2t5L0Ryb3Bib3gvR2VuZXJhbFJlZmVyZW5jZS9CaWJEZXNrIFJlZmVyZW5jZS9CYWtlci9JbnZlc3RvciBTZW50aW1lbnQgaW4gdGhlIFN0b2NrIE1hcmtldC5wZGYAEwABLwAAFQACABP//wAAAAgADQAaACQAiwAAAAAAAAIBAAAAAAAAAAUAAAAAAAAAAAAAAAAAAAKd}}

@article{KumarAvinash2021BBSH,
	address = {New York},
	author = {Kumar, Avinash and Gupta, Pranjal and Balan, Raghunathan and Neti, Lalita Bhanu Murthy and Malapati, Aruna},
	copyright = {The Author(s), under exclusive licence to Springer Science+Business Media, LLC, part of Springer Nature 2021},
	date-added = {2022-01-11 07:39:27 -0600},
	date-modified = {2022-01-11 07:39:27 -0600},
	issn = {1370-4621},
	journal = {Neural processing letters},
	keywords = {Analysis ; Annotations ; Article ; Artificial Intelligence ; Artificial neural networks ; Classification ; Complex Systems ; Computational Intelligence ; Computer Science ; Data mining ; Machine learning ; Neural networks ; Sentences ; Sentiment analysis},
	language = {eng},
	number = {6},
	pages = {4207-4224},
	publisher = {Springer US},
	title = {BERT Based Semi-Supervised Hybrid Approach for Aspect and Sentiment Classification},
	volume = {53},
	year = {2021},
	abstract = {Aspect-based sentiment analysis (ABSA) includes two sub-tasks namely, aspect extraction and aspect-level sentiment classification. Most existing works address these sub-tasks independently by applying a supervised learning approach using labeled data. However, obtaining such labeled sentences is difficult and extremely expensive. Hence, it is important to solve ABSA without taking a dependency on labeled sentences. In this work, we propose a three-step semi-supervised hybrid approach that jointly detects an aspect and its associated sentiment in a given review sentence. The first step of our approach takes a small set of seed words for each aspect and sentiment class to construct respective semantically coherent class vocabularies. The second step makes use of these constructed vocabularies along with POS tags to label a subset of sentences from the training corpus. As we adopt a semi-automated approach to label the data, this process may induce noise in the labels during the annotation. In the last step, we use such labeled sentences to build a noise-robust deep neural network for aspect and sentiment classification. We conduct experiments on two real data sets to verify the effectiveness of our model (
https://github.com/Raghu150999/UnsupervisedABSA
).},
	bdsk-file-1 = {YnBsaXN0MDDSAQIDBFxyZWxhdGl2ZVBhdGhZYWxpYXNEYXRhXxBLLi4vLi4vLi4vLi4vLlRyYXNoL0JFUlQgUHJlLXRyYWluaW5nIG9mIERlZXAgQmlkaXJlY3Rpb25hbCBUcmFuc2Zvcm1lcnMucGRmTxEB8gAAAAAB8gACAAAMTWFjaW50b3NoIEhEAAAAAAAAAAAAAAAAAAAAAAAAAEJEAAH/////H0JFUlQgUHJlLXRyYWluaW5nICNGRkZGRkZGRi5wZGYAAAAAAAAAAAAAAAAAAAAAAAAAAAAAAAAAAAAAAAAAAP////8AAAAAAAAAAAAAAAAABAACAAAKIGN1AAAAAAAAAAAAAAAAAAYuVHJhc2gAAgBULzpVc2VyczpicmlhbmVsaW5za3k6LlRyYXNoOkJFUlQgUHJlLXRyYWluaW5nIG9mIERlZXAgQmlkaXJlY3Rpb25hbCBUcmFuc2Zvcm1lcnMucGRmAA4AcgA4AEIARQBSAFQAIABQAHIAZQAtAHQAcgBhAGkAbgBpAG4AZwAgAG8AZgAgAEQAZQBlAHAAIABCAGkAZABpAHIAZQBjAHQAaQBvAG4AYQBsACAAVAByAGEAbgBzAGYAbwByAG0AZQByAHMALgBwAGQAZgAPABoADABNAGEAYwBpAG4AdABvAHMAaAAgAEgARAASAFJVc2Vycy9icmlhbmVsaW5za3kvLlRyYXNoL0JFUlQgUHJlLXRyYWluaW5nIG9mIERlZXAgQmlkaXJlY3Rpb25hbCBUcmFuc2Zvcm1lcnMucGRmABMAAS8AABUAAgAT//8AAAAIAA0AGgAkAHIAAAAAAAACAQAAAAAAAAAFAAAAAAAAAAAAAAAAAAACaA==}}
