%% This BibTeX bibliography file was created using BibDesk.
%% https://bibdesk.sourceforge.io/

%% Created for Brian Elinsky at 2022-02-08 09:22:33 -0600 


%% Saved with string encoding Unicode (UTF-8) 



@inproceedings{10.1145/3184558.3192301,
	address = {Republic and Canton of Geneva, CHE},
	author = {Maia, Macedo and Handschuh, Siegfried and Freitas, Andr\'{e} and Davis, Brian and McDermott, Ross and Zarrouk, Manel and Balahur, Alexandra},
	booktitle = {Companion Proceedings of the The Web Conference 2018},
	date-added = {2022-02-08 09:22:32 -0600},
	date-modified = {2022-02-08 09:22:32 -0600},
	doi = {10.1145/3184558.3192301},
	isbn = {9781450356404},
	keywords = {opinion mining, financial domain, question answering},
	location = {Lyon, France},
	numpages = {2},
	pages = {1941--1942},
	publisher = {International World Wide Web Conferences Steering Committee},
	series = {WWW '18},
	title = {WWW'18 Open Challenge: Financial Opinion Mining and Question Answering},
	url = {https://doi.org/10.1145/3184558.3192301},
	year = {2018},
	abstract = {The growing maturity of Natural Language Processing (NLP) techniques and resources is dramatically changing the landscape of many application domains which are dependent on the analysis of unstructured data at scale. The finance domain, with its reliance on the interpretation of multiple unstructured and structured data sources and its demand for fast and comprehensive decision making is already emerging as a primary ground for the experimentation of NLP, Web Mining and Information Retrieval (IR) techniques for the automatic analysis of financial news and opinions online. This challenge focuses on advancing the state-of-the-art of aspect-based sentiment analysis and opinion-based Question Answering for the financial domain.},
	bdsk-url-1 = {https://doi.org/10.1145/3184558.3192301},
	bdsk-file-1 = {YnBsaXN0MDDSAQIDBFxyZWxhdGl2ZVBhdGhZYWxpYXNEYXRhXxBcLi4vLi4vLi4vR2VuZXJhbFJlZmVyZW5jZS9CaWJEZXNrIFJlZmVyZW5jZS9NYWlhL1dXVycxOCBPcGVuIENoYWxsZW5nZSBGaW5hbmNpYWwgT3Bpbmlvbi5wZGZPEQIOAAAAAAIOAAIAAAxNYWNpbnRvc2ggSEQAAAAAAAAAAAAAAAAAAAAAAAAAQkQAAf////8fV1dXJzE4IE9wZW4gQ2hhbGxlI0ZGRkZGRkZGLnBkZgAAAAAAAAAAAAAAAAAAAAAAAAAAAAAAAAAAAAAAAAAA/////wAAAAAAAAAAAAAAAAADAAQAAAogY3UAAAAAAAAAAAAAAAAABE1haWEAAgBwLzpVc2VyczpicmlhbmVsaW5za3k6RHJvcGJveDpHZW5lcmFsUmVmZXJlbmNlOkJpYkRlc2sgUmVmZXJlbmNlOk1haWE6V1dXJzE4IE9wZW4gQ2hhbGxlbmdlIEZpbmFuY2lhbCBPcGluaW9uLnBkZgAOAFgAKwBXAFcAVwAnADEAOAAgAE8AcABlAG4AIABDAGgAYQBsAGwAZQBuAGcAZQAgAEYAaQBuAGEAbgBjAGkAYQBsACAATwBwAGkAbgBpAG8AbgAuAHAAZABmAA8AGgAMAE0AYQBjAGkAbgB0AG8AcwBoACAASABEABIAblVzZXJzL2JyaWFuZWxpbnNreS9Ecm9wYm94L0dlbmVyYWxSZWZlcmVuY2UvQmliRGVzayBSZWZlcmVuY2UvTWFpYS9XV1cnMTggT3BlbiBDaGFsbGVuZ2UgRmluYW5jaWFsIE9waW5pb24ucGRmABMAAS8AABUAAgAT//8AAAAIAA0AGgAkAIMAAAAAAAACAQAAAAAAAAAFAAAAAAAAAAAAAAAAAAAClQ==}}

@inproceedings{peters2018deep,
	archiveprefix = {arXiv},
	author = {Peters, Matthew E. and Neumann, Mark and Iyyer, Mohit and Gardner, Matt and Clark, Christopher and Lee, Kenton and Zettlemoyer, Luke},
	booktitle = {Proceedings of the 2018 Conference of the North {A}merican Chapter of the Association for Computational Linguistics: Human Language Technologies, Volume 1 (Long Papers)},
	date-added = {2022-02-06 16:31:07 -0600},
	date-modified = {2022-02-06 16:31:07 -0600},
	doi = {10.18653/v1/N18-1202},
	eprint = {1802.05365},
	month = {jun},
	pages = {2227--2237},
	primaryclass = {cs.CL},
	publisher = {Association for Computational Linguistics},
	title = {Deep contextualized word representations},
	url = {https://aclanthology.org/N18-1202},
	year = {2018},
	bdsk-file-1 = {YnBsaXN0MDDSAQIDBFxyZWxhdGl2ZVBhdGhZYWxpYXNEYXRhXxBfLi4vLi4vLi4vR2VuZXJhbFJlZmVyZW5jZS9CaWJEZXNrIFJlZmVyZW5jZS9QZXRlcnMvRGVlcCBjb250ZXh0dWFsaXplZCB3b3JkIHJlcHJlc2VudGF0aW9ucy5wZGZPEQIaAAAAAAIaAAIAAAxNYWNpbnRvc2ggSEQAAAAAAAAAAAAAAAAAAAAAAAAAQkQAAf////8fRGVlcCBjb250ZXh0dWFsaXplI0ZGRkZGRkZGLnBkZgAAAAAAAAAAAAAAAAAAAAAAAAAAAAAAAAAAAAAAAAAA/////wAAAAAAAAAAAAAAAAADAAQAAAogY3UAAAAAAAAAAAAAAAAABlBldGVycwACAHMvOlVzZXJzOmJyaWFuZWxpbnNreTpEcm9wYm94OkdlbmVyYWxSZWZlcmVuY2U6QmliRGVzayBSZWZlcmVuY2U6UGV0ZXJzOkRlZXAgY29udGV4dHVhbGl6ZWQgd29yZCByZXByZXNlbnRhdGlvbnMucGRmAAAOAFoALABEAGUAZQBwACAAYwBvAG4AdABlAHgAdAB1AGEAbABpAHoAZQBkACAAdwBvAHIAZAAgAHIAZQBwAHIAZQBzAGUAbgB0AGEAdABpAG8AbgBzAC4AcABkAGYADwAaAAwATQBhAGMAaQBuAHQAbwBzAGgAIABIAEQAEgBxVXNlcnMvYnJpYW5lbGluc2t5L0Ryb3Bib3gvR2VuZXJhbFJlZmVyZW5jZS9CaWJEZXNrIFJlZmVyZW5jZS9QZXRlcnMvRGVlcCBjb250ZXh0dWFsaXplZCB3b3JkIHJlcHJlc2VudGF0aW9ucy5wZGYAABMAAS8AABUAAgAT//8AAAAIAA0AGgAkAIYAAAAAAAACAQAAAAAAAAAFAAAAAAAAAAAAAAAAAAACpA==}}

@inproceedings{mikolov2013efficient,
	archiveprefix = {arXiv},
	author = {Mikolov, Tomas and Chen, Kai and Corrado, Greg and Dean, Jeffrey},
	booktitle = {1st International Conference on Learning Representations, {ICLR} 2013, Scottsdale, Arizona, USA, May 2-4, 2013, Workshop Track Proceedings},
	date-added = {2022-02-06 16:28:10 -0600},
	date-modified = {2022-02-06 16:28:10 -0600},
	eprint = {1301.3781},
	primaryclass = {cs.CL},
	title = {Efficient Estimation of Word Representations in Vector Space},
	url = {http://arxiv.org/abs/1301.3781},
	year = {2013},
	bdsk-file-1 = {YnBsaXN0MDDSAQIDBFxyZWxhdGl2ZVBhdGhZYWxpYXNEYXRhXxBuLi4vLi4vLi4vR2VuZXJhbFJlZmVyZW5jZS9CaWJEZXNrIFJlZmVyZW5jZS9NaWtvbG92L0VmZmljaWVudCBFc3RpbWF0aW9uIG9mIFdvcmQgUmVwcmVzZW50YXRpb25zIGluIFZlY3Rvci5wZGZPEQJUAAAAAAJUAAIAAAxNYWNpbnRvc2ggSEQAAAAAAAAAAAAAAAAAAAAAAAAAQkQAAf////8fRWZmaWNpZW50IEVzdGltYXRpI0ZGRkZGRkZGLnBkZgAAAAAAAAAAAAAAAAAAAAAAAAAAAAAAAAAAAAAAAAAA/////wAAAAAAAAAAAAAAAAADAAQAAAogY3UAAAAAAAAAAAAAAAAAB01pa29sb3YAAAIAgi86VXNlcnM6YnJpYW5lbGluc2t5OkRyb3Bib3g6R2VuZXJhbFJlZmVyZW5jZTpCaWJEZXNrIFJlZmVyZW5jZTpNaWtvbG92OkVmZmljaWVudCBFc3RpbWF0aW9uIG9mIFdvcmQgUmVwcmVzZW50YXRpb25zIGluIFZlY3Rvci5wZGYADgB2ADoARQBmAGYAaQBjAGkAZQBuAHQAIABFAHMAdABpAG0AYQB0AGkAbwBuACAAbwBmACAAVwBvAHIAZAAgAFIAZQBwAHIAZQBzAGUAbgB0AGEAdABpAG8AbgBzACAAaQBuACAAVgBlAGMAdABvAHIALgBwAGQAZgAPABoADABNAGEAYwBpAG4AdABvAHMAaAAgAEgARAASAIBVc2Vycy9icmlhbmVsaW5za3kvRHJvcGJveC9HZW5lcmFsUmVmZXJlbmNlL0JpYkRlc2sgUmVmZXJlbmNlL01pa29sb3YvRWZmaWNpZW50IEVzdGltYXRpb24gb2YgV29yZCBSZXByZXNlbnRhdGlvbnMgaW4gVmVjdG9yLnBkZgATAAEvAAAVAAIAE///AAAACAANABoAJACVAAAAAAAAAgEAAAAAAAAABQAAAAAAAAAAAAAAAAAAAu0=}}

@inproceedings{dai2015semisupervised,
	archiveprefix = {arXiv},
	author = {Dai, Andrew M. and Le, Quoc V.},
	booktitle = {Advances in Neural Information Processing Systems},
	date-added = {2022-02-06 16:20:10 -0600},
	date-modified = {2022-02-06 16:20:10 -0600},
	editor = {Cortes, C. and Lawrence, N. and Lee, D. and Sugiyama, M. and Garnett, R.},
	eprint = {1511.01432},
	primaryclass = {cs.LG},
	publisher = {Curran Associates, Inc.},
	title = {Semi-supervised Sequence Learning},
	url = {https://proceedings.neurips.cc/paper/2015/file/7137debd45ae4d0ab9aa953017286b20-Paper.pdf},
	volume = {28},
	year = {2015},
	bdsk-file-1 = {YnBsaXN0MDDSAQIDBFxyZWxhdGl2ZVBhdGhZYWxpYXNEYXRhXxBVLi4vLi4vLi4vR2VuZXJhbFJlZmVyZW5jZS9CaWJEZXNrIFJlZmVyZW5jZS9EYWkvU2VtaS1zdXBlcnZpc2VkIFNlcXVlbmNlIExlYXJuaW5nLnBkZk8RAfYAAAAAAfYAAgAADE1hY2ludG9zaCBIRAAAAAAAAAAAAAAAAAAAAAAAAABCRAAB/////x9TZW1pLXN1cGVydmlzZWQgU2UjRkZGRkZGRkYucGRmAAAAAAAAAAAAAAAAAAAAAAAAAAAAAAAAAAAAAAAAAAD/////AAAAAAAAAAAAAAAAAAMABAAACiBjdQAAAAAAAAAAAAAAAAADRGFpAAACAGkvOlVzZXJzOmJyaWFuZWxpbnNreTpEcm9wYm94OkdlbmVyYWxSZWZlcmVuY2U6QmliRGVzayBSZWZlcmVuY2U6RGFpOlNlbWktc3VwZXJ2aXNlZCBTZXF1ZW5jZSBMZWFybmluZy5wZGYAAA4ATAAlAFMAZQBtAGkALQBzAHUAcABlAHIAdgBpAHMAZQBkACAAUwBlAHEAdQBlAG4AYwBlACAATABlAGEAcgBuAGkAbgBnAC4AcABkAGYADwAaAAwATQBhAGMAaQBuAHQAbwBzAGgAIABIAEQAEgBnVXNlcnMvYnJpYW5lbGluc2t5L0Ryb3Bib3gvR2VuZXJhbFJlZmVyZW5jZS9CaWJEZXNrIFJlZmVyZW5jZS9EYWkvU2VtaS1zdXBlcnZpc2VkIFNlcXVlbmNlIExlYXJuaW5nLnBkZgAAEwABLwAAFQACABP//wAAAAgADQAaACQAfAAAAAAAAAIBAAAAAAAAAAUAAAAAAAAAAAAAAAAAAAJ2}}

@article{DBLP:journals/corr/abs-1810-04805,
	author = {Devlin, Jacob and Chang, Ming{-}Wei and Lee, Kenton and Toutanova, Kristina},
	bibsource = {dblp computer science bibliography, https://dblp.org},
	biburl = {https://dblp.org/rec/journals/corr/abs-1810-04805.bib},
	date-added = {2022-02-06 16:16:54 -0600},
	date-modified = {2022-02-06 16:16:54 -0600},
	eprint = {1810.04805},
	eprinttype = {arXiv},
	journal = {CoRR},
	timestamp = {Tue, 30 Oct 2018 20:39:56 +0100},
	title = {{BERT:} Pre-training of Deep Bidirectional Transformers for Language Understanding},
	url = {http://arxiv.org/abs/1810.04805},
	volume = {abs/1810.04805},
	year = {2018},
	bdsk-file-1 = {YnBsaXN0MDDSAQIDBFxyZWxhdGl2ZVBhdGhZYWxpYXNEYXRhXxBrLi4vLi4vLi4vR2VuZXJhbFJlZmVyZW5jZS9CaWJEZXNrIFJlZmVyZW5jZS9EZXZsaW4vQkVSVCBQcmUtdHJhaW5pbmcgb2YgRGVlcCBCaWRpcmVjdGlvbmFsIFRyYW5zZm9ybWVycy5wZGZPEQJKAAAAAAJKAAIAAAxNYWNpbnRvc2ggSEQAAAAAAAAAAAAAAAAAAAAAAAAAQkQAAf////8fQkVSVCBQcmUtdHJhaW5pbmcgI0ZGRkZGRkZGLnBkZgAAAAAAAAAAAAAAAAAAAAAAAAAAAAAAAAAAAAAAAAAA/////wAAAAAAAAAAAAAAAAADAAQAAAogY3UAAAAAAAAAAAAAAAAABkRldmxpbgACAH8vOlVzZXJzOmJyaWFuZWxpbnNreTpEcm9wYm94OkdlbmVyYWxSZWZlcmVuY2U6QmliRGVzayBSZWZlcmVuY2U6RGV2bGluOkJFUlQgUHJlLXRyYWluaW5nIG9mIERlZXAgQmlkaXJlY3Rpb25hbCBUcmFuc2Zvcm1lcnMucGRmAAAOAHIAOABCAEUAUgBUACAAUAByAGUALQB0AHIAYQBpAG4AaQBuAGcAIABvAGYAIABEAGUAZQBwACAAQgBpAGQAaQByAGUAYwB0AGkAbwBuAGEAbAAgAFQAcgBhAG4AcwBmAG8AcgBtAGUAcgBzAC4AcABkAGYADwAaAAwATQBhAGMAaQBuAHQAbwBzAGgAIABIAEQAEgB9VXNlcnMvYnJpYW5lbGluc2t5L0Ryb3Bib3gvR2VuZXJhbFJlZmVyZW5jZS9CaWJEZXNrIFJlZmVyZW5jZS9EZXZsaW4vQkVSVCBQcmUtdHJhaW5pbmcgb2YgRGVlcCBCaWRpcmVjdGlvbmFsIFRyYW5zZm9ybWVycy5wZGYAABMAAS8AABUAAgAT//8AAAAIAA0AGgAkAJIAAAAAAAACAQAAAAAAAAAFAAAAAAAAAAAAAAAAAAAC4A==},
	bdsk-url-1 = {http://arxiv.org/abs/1810.04805}}

@article{radford2018improving,
	author = {Radford, Alec and Narasimhan, Karthik and Salimans, Tim and Sutskever, Ilya},
	date-added = {2022-02-06 16:16:16 -0600},
	date-modified = {2022-02-06 16:16:16 -0600},
	title = {Improving language understanding by generative pre-training},
	year = {2018},
	bdsk-file-1 = {YnBsaXN0MDDSAQIDBFxyZWxhdGl2ZVBhdGhZYWxpYXNEYXRhXxBzLi4vLi4vLi4vR2VuZXJhbFJlZmVyZW5jZS9CaWJEZXNrIFJlZmVyZW5jZS9SYWRmb3JkL0ltcHJvdmluZyBsYW5ndWFnZSB1bmRlcnN0YW5kaW5nIGJ5IGdlbmVyYXRpdmUgcHJlLXRyYWluaW5nLnBkZk8RAmoAAAAAAmoAAgAADE1hY2ludG9zaCBIRAAAAAAAAAAAAAAAAAAAAAAAAABCRAAB/////x9JbXByb3ZpbmcgbGFuZ3VhZ2UjRkZGRkZGRkYucGRmAAAAAAAAAAAAAAAAAAAAAAAAAAAAAAAAAAAAAAAAAAD/////AAAAAAAAAAAAAAAAAAMABAAACiBjdQAAAAAAAAAAAAAAAAAHUmFkZm9yZAAAAgCHLzpVc2VyczpicmlhbmVsaW5za3k6RHJvcGJveDpHZW5lcmFsUmVmZXJlbmNlOkJpYkRlc2sgUmVmZXJlbmNlOlJhZGZvcmQ6SW1wcm92aW5nIGxhbmd1YWdlIHVuZGVyc3RhbmRpbmcgYnkgZ2VuZXJhdGl2ZSBwcmUtdHJhaW5pbmcucGRmAAAOAIAAPwBJAG0AcAByAG8AdgBpAG4AZwAgAGwAYQBuAGcAdQBhAGcAZQAgAHUAbgBkAGUAcgBzAHQAYQBuAGQAaQBuAGcAIABiAHkAIABnAGUAbgBlAHIAYQB0AGkAdgBlACAAcAByAGUALQB0AHIAYQBpAG4AaQBuAGcALgBwAGQAZgAPABoADABNAGEAYwBpAG4AdABvAHMAaAAgAEgARAASAIVVc2Vycy9icmlhbmVsaW5za3kvRHJvcGJveC9HZW5lcmFsUmVmZXJlbmNlL0JpYkRlc2sgUmVmZXJlbmNlL1JhZGZvcmQvSW1wcm92aW5nIGxhbmd1YWdlIHVuZGVyc3RhbmRpbmcgYnkgZ2VuZXJhdGl2ZSBwcmUtdHJhaW5pbmcucGRmAAATAAEvAAAVAAIAE///AAAACAANABoAJACaAAAAAAAAAgEAAAAAAAAABQAAAAAAAAAAAAAAAAAAAwg=}}

@article{buehlmaier2015role,
	author = {Buehlmaier, Matthias MM},
	date-added = {2022-02-06 10:57:22 -0600},
	date-modified = {2022-02-06 10:57:22 -0600},
	journal = {Available at SSRN 1673164},
	title = {The role of the media in takeovers: theory and evidence},
	year = {2015}}

@techreport{froot2017media,
	author = {Froot, Kenneth and Lou, Xiaoxia and Ozik, Gideon and Sadka, Ronnie and Shen, Siyi},
	date-added = {2022-02-06 10:49:32 -0600},
	date-modified = {2022-02-06 11:49:09 -0600},
	institution = {(Working paper). Boston, MA: Boston College},
	title = {Media reinforcement in international financial markets},
	year = {2017},
	bdsk-file-1 = {YnBsaXN0MDDSAQIDBFxyZWxhdGl2ZVBhdGhZYWxpYXNEYXRhXxBsLi4vLi4vLi4vR2VuZXJhbFJlZmVyZW5jZS9CaWJEZXNrIFJlZmVyZW5jZS9Gcm9vdC9NZWRpYSByZWluZm9yY2VtZW50IGluIGludGVybmF0aW9uYWwgZmluYW5jaWFsIG1hcmtldHMucGRmTxECTgAAAAACTgACAAAMTWFjaW50b3NoIEhEAAAAAAAAAAAAAAAAAAAAAAAAAEJEAAH/////H01lZGlhIHJlaW5mb3JjZW1lbiNGRkZGRkZGRi5wZGYAAAAAAAAAAAAAAAAAAAAAAAAAAAAAAAAAAAAAAAAAAP////8AAAAAAAAAAAAAAAAAAwAEAAAKIGN1AAAAAAAAAAAAAAAAAAVGcm9vdAAAAgCALzpVc2VyczpicmlhbmVsaW5za3k6RHJvcGJveDpHZW5lcmFsUmVmZXJlbmNlOkJpYkRlc2sgUmVmZXJlbmNlOkZyb290Ok1lZGlhIHJlaW5mb3JjZW1lbnQgaW4gaW50ZXJuYXRpb25hbCBmaW5hbmNpYWwgbWFya2V0cy5wZGYADgB2ADoATQBlAGQAaQBhACAAcgBlAGkAbgBmAG8AcgBjAGUAbQBlAG4AdAAgAGkAbgAgAGkAbgB0AGUAcgBuAGEAdABpAG8AbgBhAGwAIABmAGkAbgBhAG4AYwBpAGEAbAAgAG0AYQByAGsAZQB0AHMALgBwAGQAZgAPABoADABNAGEAYwBpAG4AdABvAHMAaAAgAEgARAASAH5Vc2Vycy9icmlhbmVsaW5za3kvRHJvcGJveC9HZW5lcmFsUmVmZXJlbmNlL0JpYkRlc2sgUmVmZXJlbmNlL0Zyb290L01lZGlhIHJlaW5mb3JjZW1lbnQgaW4gaW50ZXJuYXRpb25hbCBmaW5hbmNpYWwgbWFya2V0cy5wZGYAEwABLwAAFQACABP//wAAAAgADQAaACQAkwAAAAAAAAIBAAAAAAAAAAUAAAAAAAAAAAAAAAAAAALl}}

@article{DaZhi2015TSoA,
	author = {Da, Zhi and Engelberg, Joseph and Gao, Pengjie},
	copyright = {Copyright {\copyright} 2015 The Society for Financial Studies},
	date-added = {2022-02-06 10:49:12 -0600},
	date-modified = {2022-02-06 10:49:12 -0600},
	issn = {0893-9454},
	journal = {The Review of financial studies},
	language = {eng},
	number = {1},
	pages = {1-32},
	publisher = {Oxford University Press},
	title = {The Sum of All FEARS Investor Sentiment and Asset Prices},
	volume = {28},
	year = {2015},
	abstract = {We use daily Internet search volume from millions of households to reveal market-level sentiment. By aggregating the volume of queries related to household concerns (e.g., "recession," "unemployment," and "bankruptcy"), we construct a Financial and Economic Attitudes Revealed by Search (FEARS) index as a new measure of investor sentiment. Between 2004 and 2011, we find FEARS (i) predict short-term return reversals, (ii) predict temporary increases in volatility, and (iii) predict mutual fund flows out of equity funds and into bond funds. Taken together, the results are broadly consistent with theories of investor sentiment.},
	bdsk-file-1 = {YnBsaXN0MDDSAQIDBFxyZWxhdGl2ZVBhdGhZYWxpYXNEYXRhXxBrLi4vLi4vLi4vR2VuZXJhbFJlZmVyZW5jZS9CaWJEZXNrIFJlZmVyZW5jZS9EYS9UaGUgU3VtIG9mIEFsbCBGRUFSUyBJbnZlc3RvciBTZW50aW1lbnQgYW5kIEFzc2V0IFByaWNlcy5wZGZPEQJOAAAAAAJOAAIAAAxNYWNpbnRvc2ggSEQAAAAAAAAAAAAAAAAAAAAAAAAAQkQAAf////8fVGhlIFN1bSBvZiBBbGwgRkVBI0ZGRkZGRkZGLnBkZgAAAAAAAAAAAAAAAAAAAAAAAAAAAAAAAAAAAAAAAAAA/////wAAAAAAAAAAAAAAAAADAAQAAAogY3UAAAAAAAAAAAAAAAAAAkRhAAIAfy86VXNlcnM6YnJpYW5lbGluc2t5OkRyb3Bib3g6R2VuZXJhbFJlZmVyZW5jZTpCaWJEZXNrIFJlZmVyZW5jZTpEYTpUaGUgU3VtIG9mIEFsbCBGRUFSUyBJbnZlc3RvciBTZW50aW1lbnQgYW5kIEFzc2V0IFByaWNlcy5wZGYAAA4AegA8AFQAaABlACAAUwB1AG0AIABvAGYAIABBAGwAbAAgAEYARQBBAFIAUwAgAEkAbgB2AGUAcwB0AG8AcgAgAFMAZQBuAHQAaQBtAGUAbgB0ACAAYQBuAGQAIABBAHMAcwBlAHQAIABQAHIAaQBjAGUAcwAuAHAAZABmAA8AGgAMAE0AYQBjAGkAbgB0AG8AcwBoACAASABEABIAfVVzZXJzL2JyaWFuZWxpbnNreS9Ecm9wYm94L0dlbmVyYWxSZWZlcmVuY2UvQmliRGVzayBSZWZlcmVuY2UvRGEvVGhlIFN1bSBvZiBBbGwgRkVBUlMgSW52ZXN0b3IgU2VudGltZW50IGFuZCBBc3NldCBQcmljZXMucGRmAAATAAEvAAAVAAIAE///AAAACAANABoAJACSAAAAAAAAAgEAAAAAAAAABQAAAAAAAAAAAAAAAAAAAuQ=}}

@article{FergusonNickyJ2015MCaS,
	address = {Camden},
	author = {Ferguson, Nicky J and Philip, Dennis and Lam, Herbert Y. T and Guo, Jie Michael},
	date-added = {2022-02-06 10:48:59 -0600},
	date-modified = {2022-02-06 10:48:59 -0600},
	issn = {1096-1879},
	journal = {Multinational finance journal},
	keywords = {Abnormal returns ; Data analysis ; Investment policy ; Media coverage ; News media ; Studies},
	language = {eng},
	number = {1},
	organization = {University of Cambridge, UK},
	pages = {1-31},
	publisher = {Global Business Publications},
	title = {Media Content and Stock Returns: The Predictive Power of Press},
	volume = {19},
	year = {2015},
	abstract = {  This paper examines whether tone (positive and negative) and volume of firm-specific news media content provide valuable information about future stock returns, using UK news media data from 1981-2010. The results indicate that both tone and volume of news media content significantly predict next period abnormal returns, with the impact of volume more pronounced than tone. Additionally, the predictive power of tone is found to be stronger among lower visibility firms. Further, the paper finds evidence of an attention-grabbing effect for firm-specific news stories with high media coverage, mainly seen among larger firms. A simple news-based trading strategy produces statistically significant risk-adjusted returns of 14.2 to 19 basis points in the period 2003-2010. At the aggregate level, price pressure induced by semantics in news stories is corrected only in part by subsequent reversals. Overall, the findings suggest firm-specific news media content incorporates valuable information that predicts asset returns.},
	bdsk-file-1 = {YnBsaXN0MDDSAQIDBFxyZWxhdGl2ZVBhdGhZYWxpYXNEYXRhXxBnLi4vLi4vLi4vR2VuZXJhbFJlZmVyZW5jZS9CaWJEZXNrIFJlZmVyZW5jZS9GZXJndXNvbi9NZWRpYSBDb250ZW50IGFuZCBTdG9jayBSZXR1cm5zIFRoZSBQcmVkaWN0aXZlLnBkZk8RAjgAAAAAAjgAAgAADE1hY2ludG9zaCBIRAAAAAAAAAAAAAAAAAAAAAAAAABCRAAB/////x9NZWRpYSBDb250ZW50IGFuZCAjRkZGRkZGRkYucGRmAAAAAAAAAAAAAAAAAAAAAAAAAAAAAAAAAAAAAAAAAAD/////AAAAAAAAAAAAAAAAAAMABAAACiBjdQAAAAAAAAAAAAAAAAAIRmVyZ3Vzb24AAgB7LzpVc2VyczpicmlhbmVsaW5za3k6RHJvcGJveDpHZW5lcmFsUmVmZXJlbmNlOkJpYkRlc2sgUmVmZXJlbmNlOkZlcmd1c29uOk1lZGlhIENvbnRlbnQgYW5kIFN0b2NrIFJldHVybnMgVGhlIFByZWRpY3RpdmUucGRmAAAOAGYAMgBNAGUAZABpAGEAIABDAG8AbgB0AGUAbgB0ACAAYQBuAGQAIABTAHQAbwBjAGsAIABSAGUAdAB1AHIAbgBzACAAVABoAGUAIABQAHIAZQBkAGkAYwB0AGkAdgBlAC4AcABkAGYADwAaAAwATQBhAGMAaQBuAHQAbwBzAGgAIABIAEQAEgB5VXNlcnMvYnJpYW5lbGluc2t5L0Ryb3Bib3gvR2VuZXJhbFJlZmVyZW5jZS9CaWJEZXNrIFJlZmVyZW5jZS9GZXJndXNvbi9NZWRpYSBDb250ZW50IGFuZCBTdG9jayBSZXR1cm5zIFRoZSBQcmVkaWN0aXZlLnBkZgAAEwABLwAAFQACABP//wAAAAgADQAaACQAjgAAAAAAAAIBAAAAAAAAAAUAAAAAAAAAAAAAAAAAAALK}}

@article{Engelberg2008CostlyIP,
	author = {Engelberg, Joseph},
	date-added = {2022-02-06 09:58:35 -0600},
	date-modified = {2022-02-06 09:58:35 -0600},
	journal = {American Finance Association Meetings (AFA)},
	title = {Costly Information Processing: Evidence from Earnings Announcements},
	year = {2008},
	bdsk-file-1 = {YnBsaXN0MDDSAQIDBFxyZWxhdGl2ZVBhdGhZYWxpYXNEYXRhXxBlLi4vLi4vLi4vR2VuZXJhbFJlZmVyZW5jZS9CaWJEZXNrIFJlZmVyZW5jZS9FbmdlbGJlcmcvQ29zdGx5IEluZm9ybWF0aW9uIFByb2Nlc3NpbmcgRXZpZGVuY2UgZnJvbS5wZGZPEQIwAAAAAAIwAAIAAAxNYWNpbnRvc2ggSEQAAAAAAAAAAAAAAAAAAAAAAAAAQkQAAf////8fQ29zdGx5IEluZm9ybWF0aW9uI0ZGRkZGRkZGLnBkZgAAAAAAAAAAAAAAAAAAAAAAAAAAAAAAAAAAAAAAAAAA/////wAAAAAAAAAAAAAAAAADAAQAAAogY3UAAAAAAAAAAAAAAAAACUVuZ2VsYmVyZwAAAgB5LzpVc2VyczpicmlhbmVsaW5za3k6RHJvcGJveDpHZW5lcmFsUmVmZXJlbmNlOkJpYkRlc2sgUmVmZXJlbmNlOkVuZ2VsYmVyZzpDb3N0bHkgSW5mb3JtYXRpb24gUHJvY2Vzc2luZyBFdmlkZW5jZSBmcm9tLnBkZgAADgBgAC8AQwBvAHMAdABsAHkAIABJAG4AZgBvAHIAbQBhAHQAaQBvAG4AIABQAHIAbwBjAGUAcwBzAGkAbgBnACAARQB2AGkAZABlAG4AYwBlACAAZgByAG8AbQAuAHAAZABmAA8AGgAMAE0AYQBjAGkAbgB0AG8AcwBoACAASABEABIAd1VzZXJzL2JyaWFuZWxpbnNreS9Ecm9wYm94L0dlbmVyYWxSZWZlcmVuY2UvQmliRGVzayBSZWZlcmVuY2UvRW5nZWxiZXJnL0Nvc3RseSBJbmZvcm1hdGlvbiBQcm9jZXNzaW5nIEV2aWRlbmNlIGZyb20ucGRmAAATAAEvAAAVAAIAE///AAAACAANABoAJACMAAAAAAAAAgEAAAAAAAAABQAAAAAAAAAAAAAAAAAAAsA=}}

@article{garciadiego2013SdR,
	author = {Garcia, Diego},
	copyright = {2013 American Finance Association},
	date-added = {2022-02-06 09:48:29 -0600},
	date-modified = {2022-02-06 09:48:29 -0600},
	issn = {0022-1082},
	journal = {The Journal of finance (New York)},
	keywords = {Economic fluctuations ; Economic recessions ; Financial markets ; Investors ; P values ; Pessimism ; Point estimators ; Standard deviation ; Stock exchanges ; Wall Street},
	language = {eng},
	number = {3},
	pages = {1267-1300},
	publisher = {Blackwell Publishing Ltd},
	title = {Sentiment during Recessions},
	volume = {68},
	year = {2013},
	abstract = {This paper studies the effect of sentiment on asset prices during the 20th century (1905 to 2005). As a proxy for sentiment, we use the fraction of positive and negative words in two columns of financial news from the New York Times. The main contribution of the paper is to show that, controlling for other well-known time-series patterns, the predictability of stock returns using news' content is concentrated in recessions. A one standard deviation shock to our news measure during recessions predicts a change in the conditional average return on the DJIA of 12 basis points over one day.},
	bdsk-file-1 = {YnBsaXN0MDDSAQIDBFxyZWxhdGl2ZVBhdGhZYWxpYXNEYXRhXxBSLi4vLi4vLi4vR2VuZXJhbFJlZmVyZW5jZS9CaWJEZXNrIFJlZmVyZW5jZS9HYXJjaWEvU2VudGltZW50IGR1cmluZyBSZWNlc3Npb25zLnBkZk8RAeQAAAAAAeQAAgAADE1hY2ludG9zaCBIRAAAAAAAAAAAAAAAAAAAAAAAAABCRAAB/////x9TZW50aW1lbnQgZHVyaW5nIFJlY2Vzc2lvbnMucGRmAAAAAAAAAAAAAAAAAAAAAAAAAAAAAAAAAAAAAAAAAAD/////AAAAAAAAAAAAAAAAAAMABAAACiBjdQAAAAAAAAAAAAAAAAAGR2FyY2lhAAIAZi86VXNlcnM6YnJpYW5lbGluc2t5OkRyb3Bib3g6R2VuZXJhbFJlZmVyZW5jZTpCaWJEZXNrIFJlZmVyZW5jZTpHYXJjaWE6U2VudGltZW50IGR1cmluZyBSZWNlc3Npb25zLnBkZgAOAEAAHwBTAGUAbgB0AGkAbQBlAG4AdAAgAGQAdQByAGkAbgBnACAAUgBlAGMAZQBzAHMAaQBvAG4AcwAuAHAAZABmAA8AGgAMAE0AYQBjAGkAbgB0AG8AcwBoACAASABEABIAZFVzZXJzL2JyaWFuZWxpbnNreS9Ecm9wYm94L0dlbmVyYWxSZWZlcmVuY2UvQmliRGVzayBSZWZlcmVuY2UvR2FyY2lhL1NlbnRpbWVudCBkdXJpbmcgUmVjZXNzaW9ucy5wZGYAEwABLwAAFQACABP//wAAAAgADQAaACQAeQAAAAAAAAIBAAAAAAAAAAUAAAAAAAAAAAAAAAAAAAJh}}

@article{TetlockPaul2007GCtI,
	address = {Malden, USA},
	author = {Tetlock, Paul C},
	copyright = {Copyright 2007 The American Finance Association},
	date-added = {2022-02-06 08:53:09 -0600},
	date-modified = {2022-02-06 08:53:09 -0600},
	issn = {0022-1082},
	journal = {The Journal of finance (New York)},
	keywords = {Coefficients ; Factor analysis ; Investors ; P values ; Pessimism ; Proxy reporting ; Proxy statements ; Stock exchanges ; Stock markets ; Words},
	language = {eng},
	number = {3},
	pages = {1139-1168},
	publisher = {Blackwell Publishing Inc},
	title = {Giving Content to Investor Sentiment: The Role of Media in the Stock Market},
	volume = {62},
	year = {2007},
	abstract = {I quantitatively measure the interactions between the media and the stock market using daily content from a popular Wall Street Journal column. I find that high media pessimism predicts downward pressure on market prices followed by a reversion to fundamentals, and unusually high or low pessimism predicts high market trading volume. These and similar results are consistent with theoretical models of noise and liquidity traders, and are inconsistent with theories of media content as a proxy for new information about fundamental asset values, as a proxy for market volatility, or as a sideshow with no relationship to asset markets.},
	bdsk-file-1 = {YnBsaXN0MDDSAQIDBFxyZWxhdGl2ZVBhdGhZYWxpYXNEYXRhXxBlLi4vLi4vLi4vR2VuZXJhbFJlZmVyZW5jZS9CaWJEZXNrIFJlZmVyZW5jZS9URVRMT0NLL0dpdmluZyBDb250ZW50IHRvIEludmVzdG9yIFNlbnRpbWVudCBUaGUgUm9sZS5wZGZPEQIyAAAAAAIyAAIAAAxNYWNpbnRvc2ggSEQAAAAAAAAAAAAAAAAAAAAAAAAAQkQAAf////8fR2l2aW5nIENvbnRlbnQgdG8gI0ZGRkZGRkZGLnBkZgAAAAAAAAAAAAAAAAAAAAAAAAAAAAAAAAAAAAAAAAAA/////wAAAAAAAAAAAAAAAAADAAQAAAogY3UAAAAAAAAAAAAAAAAAB1RFVExPQ0sAAAIAeS86VXNlcnM6YnJpYW5lbGluc2t5OkRyb3Bib3g6R2VuZXJhbFJlZmVyZW5jZTpCaWJEZXNrIFJlZmVyZW5jZTpURVRMT0NLOkdpdmluZyBDb250ZW50IHRvIEludmVzdG9yIFNlbnRpbWVudCBUaGUgUm9sZS5wZGYAAA4AZAAxAEcAaQB2AGkAbgBnACAAQwBvAG4AdABlAG4AdAAgAHQAbwAgAEkAbgB2AGUAcwB0AG8AcgAgAFMAZQBuAHQAaQBtAGUAbgB0ACAAVABoAGUAIABSAG8AbABlAC4AcABkAGYADwAaAAwATQBhAGMAaQBuAHQAbwBzAGgAIABIAEQAEgB3VXNlcnMvYnJpYW5lbGluc2t5L0Ryb3Bib3gvR2VuZXJhbFJlZmVyZW5jZS9CaWJEZXNrIFJlZmVyZW5jZS9URVRMT0NLL0dpdmluZyBDb250ZW50IHRvIEludmVzdG9yIFNlbnRpbWVudCBUaGUgUm9sZS5wZGYAABMAAS8AABUAAgAT//8AAAAIAA0AGgAkAIwAAAAAAAACAQAAAAAAAAAFAAAAAAAAAAAAAAAAAAACwg==}}

@article{KearneyColm2014Tsif,
	address = {Greenwich},
	author = {Kearney, Colm and Liu, Sha},
	copyright = {2014 Elsevier Inc.},
	date-added = {2022-02-05 12:45:23 -0600},
	date-modified = {2022-02-05 12:45:23 -0600},
	issn = {1057-5219},
	journal = {International review of financial analysis},
	keywords = {Behavioral finance ; Comparative analysis ; Content analysis ; Finance ; Information science ; Internet messages ; Market efficiency ; News ; Organizational behavior ; Studies ; Textual sentiment},
	language = {eng},
	pages = {171-185},
	publisher = {Elsevier Inc},
	title = {Textual sentiment in finance: A survey of methods and models},
	volume = {33},
	year = {2014},
	abstract = {We survey the textual sentiment literature, comparing and contrasting the various information sources, content analysis methods, and empirical models that have been used to date. We summarize the important and influential findings about how textual sentiment impacts on individual, firm-level and market-level behavior and performance, and vice versa. We point to what is agreed and what remains controversial. Promising directions for future research are emerging from the availability of more accurate and efficient sentiment measures resulting from increasingly sophisticated textual content analysis coupled with more extensive field-specific dictionaries. This is enabling more wide-ranging studies that use increasingly sophisticated models to help us better understand behavioral finance patterns across individuals, institutions and markets.},
	bdsk-file-1 = {YnBsaXN0MDDSAQIDBFxyZWxhdGl2ZVBhdGhZYWxpYXNEYXRhXxBoLi4vLi4vLi4vR2VuZXJhbFJlZmVyZW5jZS9CaWJEZXNrIFJlZmVyZW5jZS9LZWFybmV5L1RleHR1YWwgc2VudGltZW50IGluIGZpbmFuY2UgQSBzdXJ2ZXkgb2YgbWV0aG9kcy5wZGZPEQI8AAAAAAI8AAIAAAxNYWNpbnRvc2ggSEQAAAAAAAAAAAAAAAAAAAAAAAAAQkQAAf////8fVGV4dHVhbCBzZW50aW1lbnQgI0ZGRkZGRkZGLnBkZgAAAAAAAAAAAAAAAAAAAAAAAAAAAAAAAAAAAAAAAAAA/////wAAAAAAAAAAAAAAAAADAAQAAAogY3UAAAAAAAAAAAAAAAAAB0tlYXJuZXkAAAIAfC86VXNlcnM6YnJpYW5lbGluc2t5OkRyb3Bib3g6R2VuZXJhbFJlZmVyZW5jZTpCaWJEZXNrIFJlZmVyZW5jZTpLZWFybmV5OlRleHR1YWwgc2VudGltZW50IGluIGZpbmFuY2UgQSBzdXJ2ZXkgb2YgbWV0aG9kcy5wZGYADgBqADQAVABlAHgAdAB1AGEAbAAgAHMAZQBuAHQAaQBtAGUAbgB0ACAAaQBuACAAZgBpAG4AYQBuAGMAZQAgAEEAIABzAHUAcgB2AGUAeQAgAG8AZgAgAG0AZQB0AGgAbwBkAHMALgBwAGQAZgAPABoADABNAGEAYwBpAG4AdABvAHMAaAAgAEgARAASAHpVc2Vycy9icmlhbmVsaW5za3kvRHJvcGJveC9HZW5lcmFsUmVmZXJlbmNlL0JpYkRlc2sgUmVmZXJlbmNlL0tlYXJuZXkvVGV4dHVhbCBzZW50aW1lbnQgaW4gZmluYW5jZSBBIHN1cnZleSBvZiBtZXRob2RzLnBkZgATAAEvAAAVAAIAE///AAAACAANABoAJACPAAAAAAAAAgEAAAAAAAAABQAAAAAAAAAAAAAAAAAAAs8=}}

@article{BakerMalcolm2007ISit,
	author = {Baker, Malcolm and Wurgler, Jeffrey},
	copyright = {Copyright 2007 American Economic Association},
	date-added = {2022-02-05 11:01:12 -0600},
	date-modified = {2022-02-05 11:01:12 -0600},
	issn = {0895-3309},
	journal = {The Journal of economic perspectives},
	keywords = {Arbitrage ; Behavior ; Dividends ; Economic bubbles ; Forecasts and trends ; Investors ; Mutual funds ; Speculative demand ; Stock dividends ; Stock market indices ; Stock markets ; Stock price indexes ; Stock prices ; Symposium:Behavioral Finance},
	language = {eng},
	number = {2},
	pages = {129-151},
	publisher = {American Economic Association},
	title = {Investor Sentiment in the Stock Market},
	volume = {21},
	year = {2007},
	abstract = {Investor sentiment, defined broadly, is a belief about future cash flows and investment risks that is not justified by the facts at hand. The question is no longer whether investor sentiment affects stock prices, but how to measure investor sentiment and quantify its effects. One approach is "bottom up," using biases in individual investor psychology, such as overconfidence, representativeness, and conservatism, to explain how individual investors underreact or overreact to past returns or fundamentals The investor sentiment approach that we develop in this paper is, by contrast, distinctly "top down" and macroeconomic: we take the origin of investor sentiment as exogenous and focus on its empirical effects. We show that it is quite possible to measure investor sentiment and that waves of sentiment have clearly discernible, important, and regular effects on individual firms and on the stock market as a whole. The top-down approach builds on the two broader and more irrefutable assumptions of behavioral finance---sentiment and the limits to arbitrage---to explain which stocks are likely to be most affected by sentiment. In particular, stocks that are difficult to arbitrage or to value are most affected by sentiment.},
	bdsk-file-1 = {YnBsaXN0MDDSAQIDBFxyZWxhdGl2ZVBhdGhZYWxpYXNEYXRhXxBcLi4vLi4vLi4vR2VuZXJhbFJlZmVyZW5jZS9CaWJEZXNrIFJlZmVyZW5jZS9CYWtlci9JbnZlc3RvciBTZW50aW1lbnQgaW4gdGhlIFN0b2NrIE1hcmtldC5wZGZPEQIOAAAAAAIOAAIAAAxNYWNpbnRvc2ggSEQAAAAAAAAAAAAAAAAAAAAAAAAAQkQAAf////8fSW52ZXN0b3IgU2VudGltZW50I0ZGRkZGRkZGLnBkZgAAAAAAAAAAAAAAAAAAAAAAAAAAAAAAAAAAAAAAAAAA/////wAAAAAAAAAAAAAAAAADAAQAAAogY3UAAAAAAAAAAAAAAAAABUJha2VyAAACAHAvOlVzZXJzOmJyaWFuZWxpbnNreTpEcm9wYm94OkdlbmVyYWxSZWZlcmVuY2U6QmliRGVzayBSZWZlcmVuY2U6QmFrZXI6SW52ZXN0b3IgU2VudGltZW50IGluIHRoZSBTdG9jayBNYXJrZXQucGRmAA4AVgAqAEkAbgB2AGUAcwB0AG8AcgAgAFMAZQBuAHQAaQBtAGUAbgB0ACAAaQBuACAAdABoAGUAIABTAHQAbwBjAGsAIABNAGEAcgBrAGUAdAAuAHAAZABmAA8AGgAMAE0AYQBjAGkAbgB0AG8AcwBoACAASABEABIAblVzZXJzL2JyaWFuZWxpbnNreS9Ecm9wYm94L0dlbmVyYWxSZWZlcmVuY2UvQmliRGVzayBSZWZlcmVuY2UvQmFrZXIvSW52ZXN0b3IgU2VudGltZW50IGluIHRoZSBTdG9jayBNYXJrZXQucGRmABMAAS8AABUAAgAT//8AAAAIAA0AGgAkAIMAAAAAAAACAQAAAAAAAAAFAAAAAAAAAAAAAAAAAAAClQ==}}

@article{KumarAvinash2021BBSH,
	address = {New York},
	author = {Kumar, Avinash and Gupta, Pranjal and Balan, Raghunathan and Neti, Lalita Bhanu Murthy and Malapati, Aruna},
	copyright = {The Author(s), under exclusive licence to Springer Science+Business Media, LLC, part of Springer Nature 2021},
	date-added = {2022-01-11 07:39:27 -0600},
	date-modified = {2022-01-11 07:39:27 -0600},
	issn = {1370-4621},
	journal = {Neural processing letters},
	keywords = {Analysis ; Annotations ; Article ; Artificial Intelligence ; Artificial neural networks ; Classification ; Complex Systems ; Computational Intelligence ; Computer Science ; Data mining ; Machine learning ; Neural networks ; Sentences ; Sentiment analysis},
	language = {eng},
	number = {6},
	pages = {4207-4224},
	publisher = {Springer US},
	title = {BERT Based Semi-Supervised Hybrid Approach for Aspect and Sentiment Classification},
	volume = {53},
	year = {2021},
	abstract = {Aspect-based sentiment analysis (ABSA) includes two sub-tasks namely, aspect extraction and aspect-level sentiment classification. Most existing works address these sub-tasks independently by applying a supervised learning approach using labeled data. However, obtaining such labeled sentences is difficult and extremely expensive. Hence, it is important to solve ABSA without taking a dependency on labeled sentences. In this work, we propose a three-step semi-supervised hybrid approach that jointly detects an aspect and its associated sentiment in a given review sentence. The first step of our approach takes a small set of seed words for each aspect and sentiment class to construct respective semantically coherent class vocabularies. The second step makes use of these constructed vocabularies along with POS tags to label a subset of sentences from the training corpus. As we adopt a semi-automated approach to label the data, this process may induce noise in the labels during the annotation. In the last step, we use such labeled sentences to build a noise-robust deep neural network for aspect and sentiment classification. We conduct experiments on two real data sets to verify the effectiveness of our model (
https://github.com/Raghu150999/UnsupervisedABSA
).},
	bdsk-file-1 = {YnBsaXN0MDDSAQIDBFxyZWxhdGl2ZVBhdGhZYWxpYXNEYXRhXxBLLi4vLi4vLi4vLi4vLlRyYXNoL0JFUlQgUHJlLXRyYWluaW5nIG9mIERlZXAgQmlkaXJlY3Rpb25hbCBUcmFuc2Zvcm1lcnMucGRmTxEB8gAAAAAB8gACAAAMTWFjaW50b3NoIEhEAAAAAAAAAAAAAAAAAAAAAAAAAEJEAAH/////H0JFUlQgUHJlLXRyYWluaW5nICNGRkZGRkZGRi5wZGYAAAAAAAAAAAAAAAAAAAAAAAAAAAAAAAAAAAAAAAAAAP////8AAAAAAAAAAAAAAAAABAACAAAKIGN1AAAAAAAAAAAAAAAAAAYuVHJhc2gAAgBULzpVc2VyczpicmlhbmVsaW5za3k6LlRyYXNoOkJFUlQgUHJlLXRyYWluaW5nIG9mIERlZXAgQmlkaXJlY3Rpb25hbCBUcmFuc2Zvcm1lcnMucGRmAA4AcgA4AEIARQBSAFQAIABQAHIAZQAtAHQAcgBhAGkAbgBpAG4AZwAgAG8AZgAgAEQAZQBlAHAAIABCAGkAZABpAHIAZQBjAHQAaQBvAG4AYQBsACAAVAByAGEAbgBzAGYAbwByAG0AZQByAHMALgBwAGQAZgAPABoADABNAGEAYwBpAG4AdABvAHMAaAAgAEgARAASAFJVc2Vycy9icmlhbmVsaW5za3kvLlRyYXNoL0JFUlQgUHJlLXRyYWluaW5nIG9mIERlZXAgQmlkaXJlY3Rpb25hbCBUcmFuc2Zvcm1lcnMucGRmABMAAS8AABUAAgAT//8AAAAIAA0AGgAkAHIAAAAAAAACAQAAAAAAAAAFAAAAAAAAAAAAAAAAAAACaA==}}
